[
  {
    "url": "https://www.compraonline.alcampo.es/products/producto-alcampo-tableta-de-chocolate-negro-con-almendras-enteras-200-g/898719",
    "nombre": "PRODUCTO ALCAMPO Tableta de chocolate negro con almendras enteras 200 g.",
    "precio": "2,54 €",
    "unidad": "200g",
    "precio_por_unidad": "12,70 € por kilogramo",
    "nutricion": {
      "valor_energetico_kj": "2346.0 Kj",
      "valor_energetico_kcal": "564.0 Kcal",
      "grasas_g": "38.0 g",
      "grasas_saturadas_g": "17.0 g",
      "hidratos_g": "41.0 g",
      "azucares_g": "34.0 g",
      "proteinas_g": "11.0 g",
      "sal_g": "0.03 g"
    },
    "caracteristicas": {
      "nombre_operador": "Alcampo S.A",
      "direccion_operador": "C/Santiago de Compostela Sur s/n  28029 Madrid",
      "denominacion_legal": "Chocolate negro con almendras enteras",
      "peso_neto": "200g",
      "signo_estimacion": "Si"
    },
    "id": 1
  },
  {
    "url": "https://www.compraonline.alcampo.es/products/la-gula-del-norte-suced%C3%A1neo-de-angulas-la-gula-del-norte-pack-2-uds-x-210-g/742513",
    "nombre": "LA GULA DEL NORTE Sucedáneo de angulas LA GULA DEL NORTE pack 2 uds. x 210 g.",
    "precio": "7,99 €",
    "unidad": "420g",
    "precio_por_unidad": "19,02 € por kilogramo",
    "nutricion": {
      "valor_energetico_kj": "678.0 Kj",
      "valor_energetico_kcal": "163.0 Kcal",
      "grasas_g": "10.0 g",
      "grasas_saturadas_g": "1.0 g",
      "hidratos_g": "8.2 g",
      "azucares_g": "1.8 g",
      "proteinas_g": "9.2 g",
      "sal_g": "2.2 g"
    },
    "caracteristicas": {
      "nombre_operador": "Angulas Aguinaga",
      "direccion_operador": "Laskibar 5 -20271-Irura (Gipuzkoa)",
      "denominacion_legal": "Producto de la pesca transformado refrigerado",
      "peso_neto": "420g",
      "numero_raciones": "2",
      "cantidad_neta_disgregada": "2x200",
      "signo_estimacion": "Si"
    },
    "id": 2
  },
  {
    "url": "https://www.compraonline.alcampo.es/products/auchan-leche-de-vaca-entera-1-5-l-producto-alcampo/216825",
    "nombre": "AUCHAN Leche de vaca entera 1,5 l Producto Alcampo.",
    "precio": "1,54 €",
    "unidad": "1500ml",
    "precio_por_unidad": "1,03 € por litro",
    "nutricion": {
      "valor_energetico_kj": "264.0 Kj",
      "valor_energetico_kcal": "63.0 Kcal",
      "grasas_g": "3.6 g",
      "grasas_saturadas_g": "2.5 g",
      "hidratos_g": "4.7 g",
      "azucares_g": "4.7 g",
      "proteinas_g": "3.0 g",
      "sal_g": "0.1 g"
    },
    "caracteristicas": {
      "nombre_operador": "Alcampo, S.A.",
      "direccion_operador": "c/ Santiago de Compostela, Sur s/n, 28029 Madrid",
      "pais_origen": "España",
      "lugar_procedencia": "España",
      "denominacion_legal": "LECHE ENTERA ESTERILIZADA",
      "peso_neto": "1500ml",
      "numero_raciones": "6"
    },
    "id": 3
  },
  {
    "url": "https://www.compraonline.alcampo.es/products/maggi-fusian-pasta-oriental-noodles-con-sabor-a-pollo-71-g/11762",
    "nombre": "MAGGI Fusian Pasta oriental (noodles) con sabor a pollo 71 g.",
    "precio": "0,90 €",
    "unidad": "72g",
    "precio_por_unidad": "12,50 € por kilogramo",
    "nutricion": {
      "valor_energetico_kj": "497.0 Kj",
      "valor_energetico_kcal": "118.0 Kcal",
      "grasas_g": "4.4 g",
      "grasas_saturadas_g": "0.3 g",
      "hidratos_g": "16.8 g",
      "azucares_g": "0.7 g",
      "proteinas_g": "2.8 g",
      "sal_g": "0.81 g"
    },
    "caracteristicas": {
      "nombre_operador": "NESTLÉ ESPAÑA, S.A.",
      "direccion_operador": "C/ Clara Campoamor, nº2 08950 Esplugues de Llobregat (Barcelona)",
      "pais_origen": "Ucrania",
      "denominacion_legal": "Noodles de trigo con condimento sabor a pollo",
      "peso_neto": "71g",
      "numero_raciones": "1 ración",
      "signo_estimacion": "Si"
    },
    "id": 4
  },
  {
    "url": "https://www.compraonline.alcampo.es/products/alcampo-gourmet-raviolis-de-pasta-fresca-al-huevo-rellenos-de-queso-dop-gorogonzola-alcampo-gourmet-250-g/425453",
    "nombre": "ALCAMPO GOURMET Raviolis de pasta fresca al huevo rellenos de queso DOP Gorogonzola ALCAMPO GOURMET 250 g.",
    "precio": "2,34 €",
    "unidad": "250g",
    "precio_por_unidad": "9,36 € por kilogramo",
    "nutricion": {
      "valor_energetico_kj": "1092.0 Kj",
      "valor_energetico_kcal": "260.0 Kcal",
      "grasas_g": "8.7 g",
      "grasas_saturadas_g": "3.0 g",
      "hidratos_g": "35.0 g",
      "azucares_g": "3.3 g",
      "proteinas_g": "8.9 g",
      "sal_g": "0.71 g"
    },
    "caracteristicas": {
      "nombre_operador": "Alcampo S.A. Dpto. de Calidad.",
      "direccion_operador": "C/ Santiago de Compostela Sur, s/n 28029 Madrid.",
      "pais_origen": "Italia",
      "denominacion_legal": "Pasta alimenticia fresca al huevo rellena de queso Gorgonzola DOP.",
      "peso_neto": "250g",
      "numero_raciones": "Este envase contiene 2 porciones de 125g.",
      "signo_estimacion": "Si"
    },
    "id": 5
  },
  {
    "url": "https://www.compraonline.alcampo.es/products/de-cecco-penne-rigate-500-g/784940",
    "nombre": "DE CECCO Penne rigate 500 g.",
    "precio": "2,33 €",
    "unidad": "500g",
    "precio_por_unidad": "4,66 € por kilogramo",
    "nutricion": {
      "valor_energetico_kj": "1493.0 Kj",
      "valor_energetico_kcal": "352.0 Kcal",
      "grasas_g": "1.5 g",
      "grasas_saturadas_g": "0.3 g",
      "hidratos_g": "70.2 g",
      "azucares_g": "3.4 g",
      "proteinas_g": "13.0 g",
      "sal_g": "0.01 g"
    },
    "caracteristicas": {
      "nombre_operador": "COMERCIAL CBG, S.A.",
      "direccion_operador": "POL. IND. MAS D'EN BOSCH, PARCELA 4, 17500 RIPOLL (GIRONA)",
      "denominacion_legal": "PENNE RIGATE Nº 41",
      "peso_neto": "0,5g"
    },
    "id": 6
  },
  {
    "url": "https://www.compraonline.alcampo.es/products/cuca-at%C3%BAn-claro-en-aceite-de-oliva-pack-6-uds-x-48-g/62436",
    "nombre": "CUCA Atún claro en aceite de oliva pack 6 uds.x 48 g.",
    "precio": "12,25 €",
    "unidad": "288g",
    "precio_por_unidad": "42,53 € por kilogramo",
    "nutricion": {
      "valor_energetico_kj": "1561.0 Kj",
      "valor_energetico_kcal": "377.0 Kcal",
      "grasas_g": "33.0 g",
      "grasas_saturadas_g": "4.7 g",
      "hidratos_g": "0.0 g",
      "azucares_g": "0.0 g",
      "proteinas_g": "20.0 g",
      "sal_g": "0.9 g"
    },
    "caracteristicas": {
      "nombre_operador": "Bolton Cile España, S.A.",
      "direccion_operador": "C/ Ombú 3 28045-Madrid (España)",
      "pais_origen": "España",
      "denominacion_legal": "Atún claro en aceite de oliva",
      "formato": "Lata",
      "peso_neto": "390g",
      "cantidad_neta_disgregada": "65gx3"
    },
    "id": 7
  },
  {
    "url": "https://www.compraonline.alcampo.es/products/free-damm-cerveza-0-0-alcohol-con-sabor-a-lim%C3%B3n-lata-de-33-cl/36399",
    "nombre": "FREE DAMM Cerveza (0,0% alcohol) con sabor a limón lata de 33 cl.",
    "precio": "0,70 €",
    "unidad": "330ml",
    "precio_por_unidad": "2,12 € por litro",
    "nutricion": {
      "valor_energetico_kj": "73.0 Kj",
      "valor_energetico_kcal": "17.0 Kcal",
      "grasas_g": "0.0 g",
      "grasas_saturadas_g": "0.0 g",
      "hidratos_g": "3.8 g",
      "azucares_g": "1.6 g",
      "proteinas_g": "0.1 g",
      "sal_g": "0.01 g"
    },
    "caracteristicas": {
      "nombre_operador": "S.A. DAMM",
      "direccion_operador": "C/ ROSELLÓ, 515. 08025 BARCELONA, BARCELONA",
      "pais_origen": "España",
      "denominacion_legal": "Cerveza  Sin Alcohol Con Sabor a Limón",
      "formato": "Lata",
      "peso_neto": "33cl",
      "agrupacion": "Unidad",
      "capacidad": "33 cl.",
      "signo_estimacion": "Si"
    },
    "id": 8
  },
  {
    "url": "https://www.compraonline.alcampo.es/products/vici-gyozas-precocinadas-y-congeladas-rellenas-de-pollo-400-g/748540",
    "nombre": "VICI Gyozas precocinadas y congeladas rellenas de pollo 400 g.",
    "precio": "3,29 €",
    "unidad": "400g",
    "precio_por_unidad": "8,23 € por kilogramo",
    "nutricion": {
      "valor_energetico_kj": "746.0 Kj",
      "valor_energetico_kcal": "177.0 Kcal",
      "grasas_g": "4.8 g",
      "grasas_saturadas_g": "0.73 g",
      "hidratos_g": "22.5 g",
      "azucares_g": "0.15 g",
      "proteinas_g": "10.2 g",
      "sal_g": "0.82 g"
    },
    "caracteristicas": {
      "nombre_operador": "Proveedor: VG Iberia S.L.U.",
      "direccion_operador": "Proveedor: Plaza de Castilla n°3 planta 4A, 28046 Madrid España.",
      "denominacion_legal": "Gyozas, empanadillas japonesas con pollo, masa rellena congelada, precocinado.",
      "peso_neto": "400g"
    },
    "id": 9
  },
  {
    "url": "https://www.compraonline.alcampo.es/products/la-navarra-pacharan-licor-de-endrinas-botella-1-l/32595",
    "nombre": "LA NAVARRA Pacharan (licor de Endrinas) botella 1 l.",
    "precio": "9,79 €",
    "unidad": "1000ml",
    "precio_por_unidad": "9,79 € por litro",
    "nutricion": {
      "valor_energetico_kj": "810.0 Kj",
      "valor_energetico_kcal": "199.0 Kcal",
      "grasas_g": "0.5 g",
      "grasas_saturadas_g": "0.1 g",
      "hidratos_g": "15.0 g",
      "azucares_g": "15.0 g",
      "proteinas_g": "0.5 g",
      "sal_g": "0.03 g"
    },
    "caracteristicas": {
      "nombre_operador": "Destilerías La Navarra, S.A.",
      "direccion_operador": "C/ Jesus Landaluce Nº3 Poligono industrial La Albergueria Viana 31230 Navarra",
      "denominacion_legal": "Pacharán Navarro"
    },
    "id": 10
  },
  {
    "url": "https://www.compraonline.alcampo.es/products/guinness-draught-cerveza-negra-lata-44-cl/33883",
    "nombre": "GUINNESS DRAUGHT  Cerveza negra lata 44 cl.",
    "precio": "1,95 €",
    "unidad": "440ml",
    "precio_por_unidad": "4,43 € por litro",
    "nutricion": {
      "valor_energetico_kj": "152.0 Kj",
      "valor_energetico_kcal": "36.0 Kcal",
      "grasas_g": "0.0 g",
      "grasas_saturadas_g": "0.0 g",
      "hidratos_g": "3.0 g",
      "azucares_g": "3.0 g",
      "proteinas_g": "0.3 g",
      "sal_g": "0.0 g"
    },
    "caracteristicas": {
      "formato": "Lata",
      "agrupacion": "Unidad"
    },
    "id": 11
  },
  {
    "url": "https://www.compraonline.alcampo.es/products/producto-alcampo-tortillas-de-trigo-wraps-producto-alcampo-6-uds-375-g/886859",
    "nombre": "PRODUCTO ALCAMPO Tortillas de trigo Wraps PRODUCTO ALCAMPO 6 uds 375 g.",
    "precio": "1,49 €",
    "unidad": "375g",
    "precio_por_unidad": "3,97 € por kilogramo",
    "nutricion": {
      "valor_energetico_kj": "1332.0 Kj",
      "valor_energetico_kcal": "316.0 Kcal",
      "grasas_g": "7.4 g",
      "grasas_saturadas_g": "1.3 g",
      "hidratos_g": "53.0 g",
      "azucares_g": "1.5 g",
      "proteinas_g": "8.0 g",
      "sal_g": "1.1 g"
    },
    "caracteristicas": {
      "nombre_operador": "MISSION FOODS IBERIA S.A.U.",
      "direccion_operador": "Avenida de la Industria 1015, PG Antonio del Rincón, 45222 Borox (Toledo)",
      "pais_origen": "España",
      "lugar_procedencia": "España",
      "denominacion_legal": "Tortillas de harina de trigo",
      "peso_neto": "375g"
    },
    "id": 12
  },
  {
    "url": "https://www.compraonline.alcampo.es/products/ferrarini-jam%C3%B3n-cocido-de-categoria-extra-elaborado-sin-fosfatos-ferrarini-100-g/80904",
    "nombre": "FERRARINI Jamón cocido de categoria extra, elaborado sin fosfatos FERRARINI 100 g.",
    "precio": "2,25 €",
    "unidad": "100g",
    "precio_por_unidad": "22,50 € por kilogramo",
    "nutricion": {
      "valor_energetico_kj": "609.0 Kj",
      "valor_energetico_kcal": "145.0 Kcal",
      "grasas_g": "7.0 g",
      "grasas_saturadas_g": "2.7 g",
      "hidratos_g": "0.6 g",
      "azucares_g": "0.6 g",
      "proteinas_g": "20.0 g",
      "sal_g": "1.9 g"
    },
    "caracteristicas": {
      "nombre_operador": "Ferrarini España S.L",
      "direccion_operador": "Ronda de Buenavista, 55/ Centro comercial Modulo 3 1ª Planta Of. 11/ 45005 Toledo",
      "pais_origen": "Italia",
      "denominacion_legal": "Jamón cocido",
      "peso_neto": "100g",
      "signo_estimacion": "Si"
    },
    "id": 13
  },
  {
    "url": "https://www.compraonline.alcampo.es/products/italpizza-pizza-congelada-de-jam%C3%B3n-cocido-sabor-ahumado-430-g/951245",
    "nombre": "ITALPIZZA Pizza congelada de jamón cocido sabor ahumado 430 g.",
    "precio": "3,15 €",
    "unidad": "430g",
    "precio_por_unidad": "7,33 € por kilogramo",
    "nutricion": {
      "valor_energetico_kj": "842.0 Kj",
      "valor_energetico_kcal": "200.0 Kcal",
      "grasas_g": "5.9 g",
      "grasas_saturadas_g": "2.6 g",
      "hidratos_g": "25.0 g",
      "azucares_g": "1.2 g",
      "proteinas_g": "11.0 g",
      "sal_g": "1.2 g"
    },
    "caracteristicas": {
      "nombre_operador": "Italpizza",
      "direccion_operador": "Str. Gherbella 454/A 41126 Módena - Italia",
      "pais_origen": "Italia",
      "denominacion_legal": "Pizza Jamón",
      "peso_neto": "430g"
    },
    "id": 14
  },
  {
    "url": "https://www.compraonline.alcampo.es/products/producto-alcampo-snack-de-pipas-de-girasol-sin-gluten-con-aceite-de-oliva-50-g/538655",
    "nombre": "PRODUCTO ALCAMPO Snack de pipas de girasol sin gluten, con aceite de oliva 50 g.",
    "precio": "1,08 €",
    "unidad": "50g",
    "precio_por_unidad": "21,60 € por kilogramo",
    "nutricion": {
      "valor_energetico_kj": "1704.0 Kj",
      "valor_energetico_kcal": "403.0 Kcal",
      "grasas_g": "6.2 g",
      "grasas_saturadas_g": "1.15 g",
      "hidratos_g": "84.1 g",
      "azucares_g": "1.2 g",
      "proteinas_g": "1.2 g",
      "sal_g": "2.6 g"
    },
    "caracteristicas": {
      "nombre_operador": "TFT Food S.L",
      "direccion_operador": "TFT Food S.L",
      "pais_origen": "España",
      "lugar_procedencia": "Cadiz",
      "denominacion_legal": "Snack sabor trufa sin gluten",
      "peso_neto": "50g"
    },
    "id": 15
  },
  {
    "url": "https://www.compraonline.alcampo.es/products/producto-alcampo-fusilli-tavola-italia-500-g/946135",
    "nombre": "PRODUCTO ALCAMPO Fusilli tavola italia 500 g",
    "precio": "0,97 €",
    "unidad": "500g",
    "precio_por_unidad": "1,94 € por kilogramo",
    "nutricion": {
      "valor_energetico_kj": "1476.0 Kj",
      "valor_energetico_kcal": "348.0 Kcal",
      "grasas_g": "1.1 g",
      "grasas_saturadas_g": "0.1 g",
      "hidratos_g": "71.0 g",
      "azucares_g": "3.5 g",
      "proteinas_g": "12.0 g",
      "sal_g": "0.01 g"
    },
    "id": 16
  },
  {
    "url": "https://www.compraonline.alcampo.es/products/encanto-vino-blanco-verdejo-godello-con-i-g-p-vino-de-la-tierra-de-castilla-y-le%C3%B3n-botella-75-cl/450893",
    "nombre": "ENCANTO Vino blanco verdejo - godello con I.G.P. Vino de la Tierra de Castilla y León botella 75 cl.",
    "precio": "3,49 €",
    "nutricion": {
      "valor_energetico_kj": "314.11 Kj",
      "valor_energetico_kcal": "75.07 Kcal",
      "grasas_g": "0.0 g",
      "grasas_saturadas_g": "0.0 g",
      "hidratos_g": "0.4 g",
      "azucares_g": "0.16 g",
      "proteinas_g": "0.2 g",
      "sal_g": "0.01 g"
    },
    "caracteristicas": {
      "nombre_operador": "Vinos de Arganza, S.L.",
      "direccion_operador": "C/Río Ancares, 2, 24560 Toral de los Vados, León",
      "denominacion_legal": "Vino Blanco"
    },
    "id": 17
  },
  {
    "url": "https://www.compraonline.alcampo.es/products/auchan-bebida-de-avena-con-alto-contenido-de-calcio-y-vitamina-d-6-x-1-l-producto-alcampo/649883",
    "nombre": "AUCHAN Bebida de avena con alto contenido de calcio y vitamina D 6 x 1 l. Producto Alcampo",
    "precio": "4,68 €",
    "unidad": "6000ml",
    "precio_por_unidad": "0,78 € por litro",
    "nutricion": {
      "valor_energetico_kj": "195.0 Kj",
      "valor_energetico_kcal": "46.0 Kcal",
      "grasas_g": "0.8 g",
      "grasas_saturadas_g": "0.1 g",
      "hidratos_g": "8.3 g",
      "azucares_g": "6.3 g",
      "proteinas_g": "1.4 g",
      "sal_g": "0.07 g"
    },
    "caracteristicas": {
      "nombre_operador": "Alcampo, S.A.",
      "direccion_operador": "c/ Santiago de Compostela, Sur s/n, 28029 Madrid",
      "denominacion_legal": "Bebida de avena UHT enriquecida con calcio y vitamina D",
      "peso_neto": "1000ml",
      "numero_raciones": "4"
    },
    "id": 18
  },
  {
    "url": "https://www.compraonline.alcampo.es/products/ligeresa-salsa-mayonesa-frasco-200-10-ml/311806",
    "nombre": "LIGERESA Salsa mayonesa frasco 200 + 10 ml.",
    "precio": "1,38 €",
    "unidad": "210ml",
    "precio_por_unidad": "6,57 € por litro",
    "nutricion": {
      "valor_energetico_kj": "732.0 Kj",
      "valor_energetico_kcal": "177.0 Kcal",
      "grasas_g": "16.0 g",
      "grasas_saturadas_g": "2.0 g",
      "hidratos_g": "7.4 g",
      "azucares_g": "3.0 g",
      "proteinas_g": "0.5 g",
      "sal_g": "1.3 g"
    },
    "caracteristicas": {
      "nombre_operador": "Unilever España S.A.",
      "direccion_operador": "C/Tecnología 19, 08840 Viladecans (Barcelona)",
      "denominacion_legal": "Salsa",
      "peso_neto": "210ml",
      "numero_raciones": "30 raciones"
    },
    "id": 19
  },
  {
    "url": "https://www.compraonline.alcampo.es/products/producto-alcampo-caf%C3%A9-soluble-natural-100-colombia-100-g/547759",
    "nombre": "PRODUCTO ALCAMPO Café soluble natural 100 % Colombia 100 g",
    "precio": "4,25 €",
    "unidad": "100g",
    "precio_por_unidad": "42,50 € por kilogramo",
    "nutricion": {
      "valor_energetico_kj": "1271.0 Kj",
      "valor_energetico_kcal": "302.0 Kcal",
      "grasas_g": "0.2 g",
      "grasas_saturadas_g": "0.0 g",
      "hidratos_g": "49.0 g",
      "azucares_g": "3.0 g",
      "proteinas_g": "15.0 g",
      "sal_g": "0.53 g"
    },
    "caracteristicas": {
      "nombre_operador": "Alcampo, S.A.",
      "direccion_operador": "c/ Santiago de Compostela, Sur s/n, 28029 Madrid",
      "pais_origen": "España",
      "lugar_procedencia": "España",
      "denominacion_legal": "Café soluble liofilizado",
      "peso_neto": "100g",
      "numero_raciones": "50",
      "signo_estimacion": "Si"
    },
    "id": 20
  },
  {
    "url": "https://www.compraonline.alcampo.es/products/illy-caf%C3%A9-en-c%C3%A1psulas-espresso-intenso-i7-10-uds/714109",
    "nombre": "ILLY Café en cápsulas espresso Intenso  I7, 10 uds.",
    "precio": "5,18 €",
    "unidad": "57g",
    "precio_por_unidad": "90,88 € por kilogramo",
    "nutricion": {
      "valor_energetico_kj": "16.0 Kj",
      "valor_energetico_kcal": "4.0 Kcal",
      "grasas_g": "0.06 g",
      "grasas_saturadas_g": "0.02 g",
      "hidratos_g": "0.5 g",
      "azucares_g": "0.01 g",
      "proteinas_g": "0.2 g",
      "sal_g": "0.2 g"
    },
    "caracteristicas": {
      "nombre_operador": "Illycaffè Spa Sucursal En España",
      "direccion_operador": "Plaça d’Ernest Lluch i Martin 5 1ª Planta CP 08019 Barcelona- España",
      "pais_origen": "Italia",
      "denominacion_legal": "Café capsulas intenso",
      "peso_neto": "57g"
    },
    "id": 21
  },
  {
    "url": "https://www.compraonline.alcampo.es/products/illy-caf%C3%A9-molido-espresso-de-tueste-medio-250-g/23936",
    "nombre": "ILLY Café molido Espresso de tueste medio 250 g.",
    "precio": "6,95 €",
    "unidad": "250g",
    "precio_por_unidad": "27,80 € por kilogramo",
    "nutricion": {
      "valor_energetico_kj": "16.0 Kj",
      "valor_energetico_kcal": "4.0 Kcal",
      "grasas_g": "0.06 g",
      "grasas_saturadas_g": "0.02 g",
      "hidratos_g": "0.5 g",
      "azucares_g": "0.01 g",
      "proteinas_g": "0.2 g",
      "sal_g": "0.2 g"
    },
    "caracteristicas": {
      "nombre_operador": "Illycaffè Spa Sucursal En España",
      "direccion_operador": "Plaça d’Ernest Lluch i Martin 5 1ª Planta CP 08019 Barcelona- España",
      "pais_origen": "Italia",
      "denominacion_legal": "Café molido tueste classico",
      "peso_neto": "250g"
    },
    "id": 22
  },
  {
    "url": "https://www.compraonline.alcampo.es/products/monster-ultra-watermelon-energy-bebida-energ%C3%A9tica-sin-az%C3%BAcar-con-sabor-a-sand%C3%ADa-lata-de-500ml/645477",
    "nombre": "MONSTER Ultra watermelon energy Bebida energética sin azúcar con sabor a sandía lata de 500ml",
    "precio": "1,79 €",
    "unidad": "5000ml",
    "precio_por_unidad": "0,36 € por litro",
    "nutricion": {
      "valor_energetico_kj": "11.0 Kj",
      "valor_energetico_kcal": "3.0 Kcal",
      "grasas_g": "0.0 g",
      "grasas_saturadas_g": "0.0 g",
      "hidratos_g": "1.3 g",
      "azucares_g": "0.0 g",
      "proteinas_g": "0.0 g",
      "sal_g": "0.1 g"
    },
    "caracteristicas": {
      "nombre_operador": "Monster Energy Limited",
      "direccion_operador": "South Bank House, Barrow Street, Dublin 4, Irlanda",
      "denominacion_legal": "Bebida energética carbonatada, sabor a sandía, con taurina, ginseng, cafeína, L-carnitina y vitaminas del grupo B. Con edulcorantes.",
      "peso_neto": "0,5l",
      "numero_raciones": "1"
    },
    "id": 23
  },
  {
    "url": "https://www.compraonline.alcampo.es/products/actimel-kids-de-danone-leche-fermentada-con-lcasei-y-sabor-natural-6-x-100-g/900023",
    "nombre": "ACTIMEL Kids de Danone Leche fermentada con Lcasei y sabor natural 6 x 100 g.",
    "precio": "3,79 €",
    "unidad": "600ml",
    "precio_por_unidad": "6,32 € por litro",
    "nutricion": {
      "valor_energetico_kj": "192.0 Kj",
      "valor_energetico_kcal": "46.0 Kcal",
      "grasas_g": "1.6 g",
      "grasas_saturadas_g": "1.0 g",
      "hidratos_g": "4.2 g",
      "azucares_g": "4.2 g",
      "proteinas_g": "3.7 g",
      "sal_g": "0.12 g"
    },
    "caracteristicas": {
      "nombre_operador": "Danone S.A.",
      "direccion_operador": "Buenos aires, 21 08029 Barcelona  Barcelona",
      "pais_origen": "Bélgica",
      "denominacion_legal": "Leche fermentada semidesnatada con vitaminas D y B6.",
      "peso_neto": "600g",
      "sabor": "Natural",
      "cantidad_neta_disgregada": "100g x 6",
      "signo_estimacion": "Si"
    },
    "id": 24
  },
  {
    "url": "https://www.compraonline.alcampo.es/products/don-simon-n%C3%A9ctar-sin-az%C3%BAcar-a%C3%B1adido-de-melocot%C3%B3n-botella-de-1-5-l/33949",
    "nombre": "DON SIMON Néctar sin azúcar añadido de melocotón botella de 1,5 l.",
    "precio": "1,50 €",
    "unidad": "1500ml",
    "precio_por_unidad": "1,00 € por litro",
    "nutricion": {
      "valor_energetico_kj": "76.0 Kj",
      "valor_energetico_kcal": "18.0 Kcal",
      "grasas_g": "0.0 g",
      "grasas_saturadas_g": "0.0 g",
      "hidratos_g": "4.2 g",
      "azucares_g": "4.2 g",
      "proteinas_g": "0.2 g",
      "sal_g": "0.01 g"
    },
    "caracteristicas": {
      "nombre_operador": "JGC S.A",
      "direccion_operador": "C/Jorge Juan, 73 28009 Madrid España",
      "pais_origen": "España",
      "denominacion_legal": "Bebida de zumo de frutas. Con edulcorantes. Contenido de fruta: min 50%.",
      "formato": "Botella",
      "peso_neto": "1500ml",
      "sabor": "Melocotón",
      "agrupacion": "Unidad",
      "capacidad": "1.5 litros",
      "signo_estimacion": "Si"
    },
    "id": 25
  },
  {
    "url": "https://www.compraonline.alcampo.es/products/tajin-chile-en-polvo-con-lim%C3%B3n-142-g/44438",
    "nombre": "TAJIN Chile en polvo con limón 142 g.",
    "precio": "3,37 €",
    "unidad": "142g",
    "precio_por_unidad": "23,73 € por kilogramo",
    "nutricion": {
      "valor_energetico_kj": "644.4 Kj",
      "valor_energetico_kcal": "152.3 Kcal",
      "grasas_g": "2.3 g",
      "grasas_saturadas_g": "0.5 g",
      "hidratos_g": "29.3 g",
      "azucares_g": "0.0 g",
      "proteinas_g": "3.6 g",
      "sal_g": "48.4 g"
    },
    "caracteristicas": {
      "nombre_operador": "Central Mexicana de Abastos S.L.",
      "direccion_operador": "Puerto de Guadarrama 30, Pol Ind. Las Nieves 28935 Móstoles, Madrid.",
      "pais_origen": "Mexico",
      "denominacion_legal": "Salsa en polvo Tajin",
      "peso_neto": "142g"
    },
    "id": 26
  },
  {
    "url": "https://www.compraonline.alcampo.es/products/hellmann-s-salsa-mayonesa-formato-bote-bocabajo-430-ml/26016",
    "nombre": "HELLMANN'S Salsa  Mayonesa formato  bote bocabajo, 430 ml.",
    "precio": "3,32 €",
    "unidad": "430ml",
    "precio_por_unidad": "7,72 € por litro",
    "nutricion": {
      "valor_energetico_kj": "2395.0 Kj",
      "valor_energetico_kcal": "573.0 Kcal",
      "grasas_g": "63.0 g",
      "grasas_saturadas_g": "10.0 g",
      "hidratos_g": "2.3 g",
      "azucares_g": "1.5 g",
      "proteinas_g": "0.8 g",
      "sal_g": "1.1 g"
    },
    "caracteristicas": {
      "nombre_operador": "Unilever España, S.A.",
      "direccion_operador": "C/ Tecnología 19, 08840 Viladecans (Barcelona)",
      "pais_origen": "España",
      "denominacion_legal": "Mayonesa",
      "formato": "Bote",
      "peso_neto": "430ml",
      "numero_raciones": "28"
    },
    "id": 27
  },
  {
    "url": "https://www.compraonline.alcampo.es/products/rana-gnocchi-cl%C3%A1sicos-de-patata-400-g/89441",
    "nombre": "RANA Gnocchi clásicos de patata 400 g.",
    "precio": "2,44 €",
    "unidad": "400g",
    "precio_por_unidad": "6,10 € por kilogramo",
    "nutricion": {
      "valor_energetico_kj": "618.0 Kj",
      "valor_energetico_kcal": "146.0 Kcal",
      "grasas_g": "0.5 g",
      "grasas_saturadas_g": "0.2 g",
      "hidratos_g": "31.0 g",
      "azucares_g": "0.5 g",
      "proteinas_g": "3.1 g",
      "sal_g": "0.9 g"
    },
    "caracteristicas": {
      "nombre_operador": "Rana Hispania sau",
      "direccion_operador": "Avda Hermanos Bou 31, 12003 Castellon de la plana",
      "pais_origen": "Italia",
      "denominacion_legal": "gnocchi de patata",
      "peso_neto": "400g",
      "numero_raciones": "2",
      "signo_estimacion": "Si"
    },
    "id": 28
  },
  {
    "url": "https://www.compraonline.alcampo.es/products/mountain-dew-refresco-de-lima-lim%C3%B3n-botella-de-50-cl/888745",
    "nombre": "MOUNTAIN DEW Refresco de lima limón botella de 50 cl.",
    "precio": "0,94 €",
    "unidad": "500ml",
    "precio_por_unidad": "1,88 € por litro",
    "nutricion": {
      "valor_energetico_kj": "5.0 Kj",
      "valor_energetico_kcal": "1.0 Kcal",
      "grasas_g": "0.0 g",
      "grasas_saturadas_g": "0.0 g",
      "hidratos_g": "0.1 g",
      "azucares_g": "0.1 g",
      "proteinas_g": "0.1 g",
      "sal_g": "0.01 g"
    },
    "caracteristicas": {
      "nombre_operador": "Compañía de Bebidas Pepsico, S.L.",
      "direccion_operador": "Avda. de los Olmos, 2, 01013 - Vitoria",
      "denominacion_legal": "Bebida refrescante aromatizada. Con edulcorantes.",
      "formato": "Botella",
      "peso_neto": "500ml",
      "sabor": "Lima Limón",
      "agrupacion": "Unidad",
      "capacidad": "50 cl."
    },
    "id": 29
  },
  {
    "url": "https://www.compraonline.alcampo.es/products/old-el-paso-fajitas-kit-old-el-paso-505-g/22099",
    "nombre": "OLD EL PASO Fajitas kit OLD EL PASO 505 g.",
    "precio": "5,69 €",
    "unidad": "505g",
    "precio_por_unidad": "11,27 € por kilogramo",
    "nutricion": {
      "valor_energetico_kj": "960.0 Kj",
      "valor_energetico_kcal": "227.0 Kcal",
      "grasas_g": "3.6 g",
      "grasas_saturadas_g": "0.8 g",
      "hidratos_g": "41.1 g",
      "azucares_g": "6.0 g",
      "proteinas_g": "6.7 g",
      "sal_g": "2.11 g"
    },
    "caracteristicas": {
      "nombre_operador": "General Mills Ibérica S.A.U.",
      "direccion_operador": "Serrano Galvache, 56, Edificio Álamo, 28033 Madrid, Spain - EU",
      "denominacion_legal": "Tortillas de trigo/Salsa de tomate para acompañar/ Sazonador para Fajitas",
      "peso_neto": "500g",
      "numero_raciones": "Contiene 8 tortillas de trigo, 1 sazonador, 1 salsa para acompañar",
      "cantidad_neta_disgregada": "8 tortillas + 1 sazonador + 1 salsa",
      "signo_estimacion": "Si"
    },
    "id": 30
  },
  {
    "url": "https://www.compraonline.alcampo.es/products/producto-alcampo-bizcochito-relleno-de-crema-de-cacao-sin-gluten-producto-alcampo-210-g/38178",
    "nombre": "PRODUCTO ALCAMPO Bizcochito relleno de crema de cacao sin gluten PRODUCTO ALCAMPO, 210 g.",
    "precio": "4,29 €",
    "unidad": "210g",
    "precio_por_unidad": "20,43 € por kilogramo",
    "nutricion": {
      "valor_energetico_kj": "1739.0 Kj",
      "valor_energetico_kcal": "416.0 Kcal",
      "grasas_g": "23.0 g",
      "grasas_saturadas_g": "2.8 g",
      "hidratos_g": "47.0 g",
      "azucares_g": "21.0 g",
      "proteinas_g": "4.1 g",
      "sal_g": "0.81 g"
    },
    "caracteristicas": {
      "nombre_operador": "AUCHAN SAS OIA",
      "direccion_operador": "200 rue de la recherche",
      "pais_origen": "Francia",
      "lugar_procedencia": ".",
      "denominacion_legal": "mini cakes fourrés saveur cacao sans gluten",
      "peso_neto": "0,21kg",
      "numero_raciones": "6"
    },
    "id": 31
  },
  {
    "url": "https://www.compraonline.alcampo.es/products/producto-alcampo-magdalenas-sin-gluten-producto-alcampo-10-uds-350-g/192919",
    "nombre": "PRODUCTO ALCAMPO magdalenas sin gluten PRODUCTO ALCAMPO 10 uds. 350 g.",
    "precio": "4,79 €",
    "unidad": "350g",
    "precio_por_unidad": "13,69 € por kilogramo",
    "nutricion": {
      "valor_energetico_kj": "1980.0 Kj",
      "valor_energetico_kcal": "475.0 Kcal",
      "grasas_g": "31.0 g",
      "grasas_saturadas_g": "3.4 g",
      "hidratos_g": "45.0 g",
      "azucares_g": "20.0 g",
      "proteinas_g": "3.9 g",
      "sal_g": "0.64 g"
    },
    "caracteristicas": {
      "nombre_operador": "Airos Delicatessen S.L.",
      "direccion_operador": "Camí de Can Bros, 10, 08760, Martorell, Barcelona",
      "pais_origen": "España",
      "denominacion_legal": "Magdalenas sin gluten",
      "peso_neto": "350g",
      "numero_raciones": "10"
    },
    "id": 32
  },
  {
    "url": "https://www.compraonline.alcampo.es/products/producto-alcampo-muesli-crujiente-sin-gluten-con-frutos-secos-375-g/889936",
    "nombre": "PRODUCTO ALCAMPO Muesli crujiente, sin gluten, con frutos secos 375 g.",
    "precio": "3,90 €",
    "unidad": "375g",
    "precio_por_unidad": "10,40 € por kilogramo",
    "nutricion": {
      "valor_energetico_kj": "1803.0 Kj",
      "valor_energetico_kcal": "429.0 Kcal",
      "grasas_g": "13.0 g",
      "grasas_saturadas_g": "2.3 g",
      "hidratos_g": "65.0 g",
      "azucares_g": "25.0 g",
      "proteinas_g": "8.7 g",
      "sal_g": "0.04 g"
    },
    "caracteristicas": {
      "nombre_operador": "AUCHAN SAS OIA",
      "direccion_operador": "200 rue de la recherche",
      "pais_origen": "Francia",
      "lugar_procedencia": ".",
      "denominacion_legal": "Mélange de céréales croustillantes, de fruits secs et de fruits à coque, sans gluten, issu de l'agriculture biologique.",
      "peso_neto": "0,375kg",
      "numero_raciones": "9"
    },
    "id": 33
  },
  {
    "url": "https://www.compraonline.alcampo.es/products/monster-energy-juiced-mango-loco-bebida-energ%C3%A9tica-con-sabor-a-mango-lata-de-500-ml/239845",
    "nombre": "MONSTER Energy Juiced Mango Loco bebida energética con sabor a mango lata de 500 ml.",
    "precio": "1,79 €",
    "unidad": "500ml",
    "precio_por_unidad": "3,58 € por litro",
    "nutricion": {
      "valor_energetico_kj": "203.0 Kj",
      "valor_energetico_kcal": "48.0 Kcal",
      "grasas_g": "0.0 g",
      "grasas_saturadas_g": "0.0 g",
      "hidratos_g": "12.0 g",
      "azucares_g": "11.0 g",
      "proteinas_g": "0.0 g",
      "sal_g": "0.05 g"
    },
    "caracteristicas": {
      "nombre_operador": "Monster Energy Limited",
      "direccion_operador": "South Bank House, Barrow Street, Dublin 4, Irlanda",
      "denominacion_legal": "Bebida energética carbonatada con taurina, cafeína, L-carnitina, inositol y vitaminas del grupo B. Con azúcares y edulcorante.",
      "peso_neto": "0,5l",
      "numero_raciones": "1"
    },
    "id": 34
  },
  {
    "url": "https://www.compraonline.alcampo.es/products/alcampo-ecol%C3%B3gico-panecillos-tostados-ecol%C3%B3gicos-con-7-cereales-225-g/20238",
    "nombre": "ALCAMPO ECOLÓGICO Panecillos tostados ecológicos con 7 cereales 225 g.",
    "precio": "1,68 €",
    "unidad": "225g",
    "precio_por_unidad": "7,47 € por kilogramo",
    "nutricion": {
      "valor_energetico_kj": "1701.0 Kj",
      "valor_energetico_kcal": "403.0 Kcal",
      "grasas_g": "7.9 g",
      "grasas_saturadas_g": "1.0 g",
      "hidratos_g": "70.0 g",
      "azucares_g": "2.5 g",
      "proteinas_g": "11.0 g",
      "sal_g": "1.1 g"
    },
    "caracteristicas": {
      "nombre_operador": "AUCHAN SAS OIA",
      "direccion_operador": "200 rue de la recherche",
      "pais_origen": "Francia",
      "lugar_procedencia": ".",
      "denominacion_legal": "Petits Pains Grillés céréales et graines issus de l'agriculture biologique",
      "peso_neto": "0,225kg",
      "numero_raciones": "18"
    },
    "id": 35
  },
  {
    "url": "https://www.compraonline.alcampo.es/products/president-crema-de-queso-cheddar-125-g/53272",
    "nombre": "PRESIDENT Crema de queso cheddar 125 g.",
    "precio": "1,75 €",
    "unidad": "125g",
    "precio_por_unidad": "14,00 € por kilogramo",
    "nutricion": {
      "valor_energetico_kj": "1135.0 Kj",
      "valor_energetico_kcal": "274.0 Kcal",
      "grasas_g": "24.0 g",
      "grasas_saturadas_g": "17.0 g",
      "hidratos_g": "2.0 g",
      "azucares_g": "1.0 g",
      "proteinas_g": "13.0 g",
      "sal_g": "2.3 g"
    },
    "caracteristicas": {
      "nombre_operador": "Lactalis Forlasa S.L.U.",
      "direccion_operador": "Avda. Reyes Católicos. 135. 02600 Villarrobledo",
      "pais_origen": "Francia",
      "lugar_procedencia": "Francia",
      "denominacion_legal": "Queso fundido",
      "peso_neto": "125g"
    },
    "id": 36
  },
  {
    "url": "https://www.compraonline.alcampo.es/products/barilla-placas-para-hacer-lasa%C3%B1a-italiana-barilla-250-g/675088",
    "nombre": "BARILLA Placas para hacer lasaña italiana BARILLA 250 g.",
    "precio": "2,18 €",
    "unidad": "250g",
    "precio_por_unidad": "8,72 € por kilogramo",
    "nutricion": {
      "valor_energetico_kj": "1521.0 Kj",
      "valor_energetico_kcal": "359.0 Kcal",
      "grasas_g": "2.0 g",
      "grasas_saturadas_g": "0.5 g",
      "hidratos_g": "71.2 g",
      "azucares_g": "3.5 g",
      "proteinas_g": "12.5 g",
      "sal_g": "0.0 g"
    },
    "caracteristicas": {
      "nombre_operador": "Barilla G. e R. Fratelli",
      "direccion_operador": "Via Mantova 166, Parma - Italy",
      "pais_origen": "Italia",
      "denominacion_legal": "Pasta Alimenticia de Sémola de Trigo Duro",
      "peso_neto": "250g"
    },
    "id": 37
  },
  {
    "url": "https://www.compraonline.alcampo.es/products/alcampo-ecol%C3%B3gico-bebida-vegetal-de-arroz-y-coco-ecol%C3%B3gica-1-l/534159",
    "nombre": "ALCAMPO ECOLÓGICO Bebida vegetal de arroz y coco ecológica 1 l.",
    "precio": "2,15 €",
    "unidad": "1000ml",
    "precio_por_unidad": "2,15 € por litro",
    "nutricion": {
      "valor_energetico_kj": "216.0 Kj",
      "valor_energetico_kcal": "51.0 Kcal",
      "grasas_g": "1.2 g",
      "grasas_saturadas_g": "1.0 g",
      "hidratos_g": "10.0 g",
      "azucares_g": "4.2 g",
      "proteinas_g": "0.5 g",
      "sal_g": "0.1 g"
    },
    "caracteristicas": {
      "formato": "Brick",
      "capacidad": "1 litro"
    },
    "id": 38
  },
  {
    "url": "https://www.compraonline.alcampo.es/products/dodoni-queso-feta-dop-150-gr/438060",
    "nombre": "DODONI Queso feta DOP 150 gr.",
    "precio": "3,40 €",
    "unidad": "150g",
    "precio_por_unidad": "22,67 € por kilogramo",
    "nutricion": {
      "valor_energetico_kj": "1075.0 Kj",
      "valor_energetico_kcal": "257.0 Kcal",
      "grasas_g": "21.0 g",
      "grasas_saturadas_g": "16.0 g",
      "hidratos_g": "0.0 g",
      "azucares_g": "0.0 g",
      "proteinas_g": "17.0 g",
      "sal_g": "3.0 g"
    },
    "caracteristicas": {
      "nombre_operador": "DODONI",
      "direccion_operador": "1 TAGMATARHI KOSTAKI STR. ( 45110 ) ELEOUSA IOANNINA",
      "denominacion_legal": "Queso feta de leche pasteurizada de oveja y de cabra M.G./E.S. >43%",
      "formato": "Botella",
      "peso_neto": "0,15kg",
      "sabor": "Té al limón"
    },
    "id": 39
  },
  {
    "url": "https://www.compraonline.alcampo.es/products/rana-salsa-fresca-de-quesos-italianos-elaborada-con-ingredientes-100-naturales-rana-180-g/82743",
    "nombre": "RANA Salsa fresca de quesos italianos, elaborada con ingredientes 100% naturales RANA 180 g.",
    "precio": "2,48 €",
    "unidad": "180g",
    "precio_por_unidad": "13,78 € por kilogramo",
    "nutricion": {
      "valor_energetico_kj": "910.0 Kj",
      "valor_energetico_kcal": "220.0 Kcal",
      "grasas_g": "21.0 g",
      "grasas_saturadas_g": "14.3 g",
      "hidratos_g": "4.5 g",
      "azucares_g": "1.8 g",
      "proteinas_g": "3.0 g",
      "sal_g": "0.9 g"
    },
    "caracteristicas": {
      "nombre_operador": "Rana Hispania sau",
      "direccion_operador": "Avda Hermanos Bou 31, 12003 Castellon de la plana",
      "pais_origen": "Italia",
      "denominacion_legal": "Quesos italianos",
      "peso_neto": "180g",
      "numero_raciones": "3",
      "signo_estimacion": "Si"
    },
    "id": 40
  },
  {
    "url": "https://www.compraonline.alcampo.es/products/lipton-bebida-de-te-con-zumo-de-melocot%C3%B3n-lata-330-ml/684504",
    "nombre": "LIPTON Bebida de te con zumo de melocotón lata 330 ml.",
    "precio": "0,94 €",
    "unidad": "330ml",
    "precio_por_unidad": "2,85 € por litro",
    "nutricion": {
      "valor_energetico_kj": "5.0 Kj",
      "valor_energetico_kcal": "1.0 Kcal",
      "grasas_g": "0.0 g",
      "grasas_saturadas_g": "0.0 g",
      "hidratos_g": "0.0 g",
      "azucares_g": "0.0 g",
      "proteinas_g": "0.0 g",
      "sal_g": "0.0 g"
    },
    "caracteristicas": {
      "nombre_operador": "COMPAÑIA DE BEBIDAS PEPSICO SL",
      "direccion_operador": "CALLE MARIE CURIE, 7 PLANTA 1, EDIFICIO 8 VITORIA-GASTEIZ, ALAVA",
      "denominacion_legal": "Bebida refrescante con extracto de té y zumo de melocotón, con edulcorantes.",
      "formato": "Lata",
      "peso_neto": "330g",
      "agrupacion": "Unidad",
      "capacidad": "33 cl."
    },
    "id": 41
  },
  {
    "url": "https://www.compraonline.alcampo.es/products/peroni-cerveza-italiana-33-cl/41054",
    "nombre": "PERONI Cerveza Italiana 33 cl.",
    "precio": "1,45 €",
    "unidad": "330ml",
    "precio_por_unidad": "4,39 € por litro",
    "nutricion": {
      "valor_energetico_kj": "176.0 Kj",
      "valor_energetico_kcal": "42.0 Kcal",
      "grasas_g": "0.1 g",
      "grasas_saturadas_g": "0.0 g",
      "hidratos_g": "3.2 g",
      "azucares_g": "0.1 g",
      "proteinas_g": "0.4 g",
      "sal_g": "0.1 g"
    },
    "caracteristicas": {
      "nombre_operador": "BIRRA PERONI S.r.l.",
      "direccion_operador": "BIRRA PERONI S.r.l. - VIA BIROLI, 8 ROME - ITALY",
      "lugar_procedencia": "IT",
      "denominacion_legal": "Cerveza",
      "formato": "Botella",
      "peso_neto": "33cl",
      "agrupacion": "Unidad",
      "capacidad": "33 cl.",
      "signo_estimacion": "Si"
    },
    "id": 42
  },
  {
    "url": "https://www.compraonline.alcampo.es/products/maggi-yakisoba-fusian-noodles-fideos-orientales-cl%C3%A1sicos-120-g/433002",
    "nombre": "MAGGI Yakisoba Fusian Noodles (Fideos Orientales) clásicos 120 g.",
    "precio": "1,49 €",
    "unidad": "120g",
    "precio_por_unidad": "12,42 € por kilogramo",
    "nutricion": {
      "valor_energetico_kj": "595.0 Kj",
      "valor_energetico_kcal": "436.0 Kcal",
      "grasas_g": "5.6 g",
      "grasas_saturadas_g": "1.3 g",
      "hidratos_g": "58.7 g",
      "azucares_g": "7.1 g",
      "proteinas_g": "9.0 g",
      "sal_g": "2.6 g"
    },
    "caracteristicas": {
      "nombre_operador": "NESTLÉ ESPAÑA, S.A.",
      "direccion_operador": "C/ Clara Campoamor, nº2 08950 Esplugues de Llobregat (Barcelona)",
      "pais_origen": "Ucrania",
      "denominacion_legal": "Noodles de trigo con salsa, hortalizas deshidratadas y condimento",
      "peso_neto": "120g",
      "numero_raciones": "2 raciones",
      "signo_estimacion": "Si"
    },
    "id": 43
  },
  {
    "url": "https://www.compraonline.alcampo.es/products/mission-tortilla-de-trigo-original-mexicana-mission-320-g/782582",
    "nombre": "MISSION Tortilla de trigo original mexicana MISSION 320 g.",
    "precio": "1,76 €",
    "unidad": "320g",
    "precio_por_unidad": "5,50 € por kilogramo",
    "nutricion": {
      "valor_energetico_kj": "1325.0 Kj",
      "valor_energetico_kcal": "314.0 Kcal",
      "grasas_g": "7.0 g",
      "grasas_saturadas_g": "0.8 g",
      "hidratos_g": "54.0 g",
      "azucares_g": "1.1 g",
      "proteinas_g": "8.0 g",
      "sal_g": "0.98 g"
    },
    "caracteristicas": {
      "nombre_operador": "MISSION FOODS IBERIA S.A.U.",
      "direccion_operador": "Avenida de la Industria 1015, PG Antonio del Rincón, 45222 Borox (Toledo)",
      "pais_origen": "España",
      "lugar_procedencia": "España",
      "denominacion_legal": "Tortillas de harina de trigo",
      "peso_neto": "320g",
      "signo_estimacion": "Si"
    },
    "id": 44
  },
  {
    "url": "https://www.compraonline.alcampo.es/products/producto-alcampo-salsa-agridulce-producto-alcampo-320-g/227141",
    "nombre": "PRODUCTO ALCAMPO Salsa agridulce PRODUCTO ALCAMPO 320 g.",
    "precio": "1,15 €",
    "unidad": "320g",
    "precio_por_unidad": "3,59 € por kilogramo",
    "nutricion": {
      "valor_energetico_kj": "541.0 Kj",
      "valor_energetico_kcal": "127.0 Kcal",
      "grasas_g": "0.0 g",
      "grasas_saturadas_g": "0.0 g",
      "hidratos_g": "30.0 g",
      "azucares_g": "28.0 g",
      "proteinas_g": "0.5 g",
      "sal_g": "0.02 g"
    },
    "caracteristicas": {
      "nombre_operador": "Alcampo, S.A.",
      "direccion_operador": "c/ Santiago de Compostela, Sur s/n, 28029 Madrid",
      "denominacion_legal": "Salsa Agridulce",
      "peso_neto": "320g",
      "numero_raciones": "21",
      "signo_estimacion": "Si"
    },
    "id": 45
  },
  {
    "url": "https://www.compraonline.alcampo.es/products/oikos-yogur-griego-con-stracciatella-de-danone-4-x-110-g/474506",
    "nombre": "OIKOS Yogur griego con stracciatella de Danone 4 x 110 g.",
    "precio": "2,49 €",
    "unidad": "440g",
    "precio_por_unidad": "5,66 € por kilogramo",
    "nutricion": {
      "valor_energetico_kj": "711.0 Kj",
      "valor_energetico_kcal": "170.0 Kcal",
      "grasas_g": "9.6 g",
      "grasas_saturadas_g": "6.4 g",
      "hidratos_g": "18.1 g",
      "azucares_g": "17.8 g",
      "proteinas_g": "2.8 g",
      "sal_g": "0.1 g"
    },
    "caracteristicas": {
      "nombre_operador": "Danone S.A.",
      "direccion_operador": "Buenos aires, 21 08029 Barcelona  Barcelona",
      "denominacion_legal": "Yogur con pepitas de chocolate",
      "peso_neto": "440g",
      "sabor": "Stracciatella"
    },
    "id": 46
  },
  {
    "url": "https://www.compraonline.alcampo.es/products/la-espa%C3%B1ola-aceite-de-oliva-virgen-extra-a-la-trufa-blanca-botella-de-250-ml/208802",
    "nombre": "LA ESPAÑOLA Aceite de oliva virgen extra a la trufa blanca botella de 250 ml.",
    "precio": "2,99 €",
    "unidad": "250ml",
    "precio_por_unidad": "11,96 € por litro",
    "nutricion": {
      "valor_energetico_kj": "3381.0 Kj",
      "valor_energetico_kcal": "822.0 Kcal",
      "grasas_g": "91.0 g",
      "grasas_saturadas_g": "12.0 g",
      "hidratos_g": "0.0 g",
      "azucares_g": "0.0 g",
      "proteinas_g": "0.0 g",
      "sal_g": "0.0 g"
    },
    "caracteristicas": {
      "nombre_operador": "Aceites del Sur- Coosur S.A.",
      "direccion_operador": "Ctra. La Carolina Km 29. 23220 Vilches (Jaén)",
      "pais_origen": "España",
      "denominacion_legal": "Condimento preparado a base de aceite de oliva virgen extra al trufa blanca",
      "formato": "Botella",
      "peso_neto": "250ml",
      "signo_estimacion": "Si"
    },
    "id": 47
  },
  {
    "url": "https://www.compraonline.alcampo.es/products/santiveri-pan-tostado-integral-sin-sal-300-g/20026",
    "nombre": "SANTIVERI Pan tostado integral sin sal 300 g.",
    "precio": "2,79 €",
    "unidad": "300g",
    "precio_por_unidad": "9,30 € por kilogramo",
    "nutricion": {
      "valor_energetico_kj": "1497.0 Kj",
      "valor_energetico_kcal": "354.0 Kcal",
      "grasas_g": "2.0 g",
      "grasas_saturadas_g": "0.4 g",
      "hidratos_g": "66.0 g",
      "azucares_g": "2.0 g",
      "proteinas_g": "13.0 g",
      "sal_g": "1.5 g"
    },
    "caracteristicas": {
      "nombre_operador": "CASA SANTIVERI S.L.",
      "direccion_operador": "ENCUNY 8, 08038 BARCELONA",
      "denominacion_legal": "PAN TOSTADO 100% INTEGRAL DE TRIGO",
      "peso_neto": "300g"
    },
    "id": 48
  },
  {
    "url": "https://www.compraonline.alcampo.es/products/dolce-gusto-caf%C3%A9-en-c%C3%A1psulas-con-leche-i7-34-uds/531716",
    "nombre": "DOLCE GUSTO Café en cápsulas con leche I7, 34 uds.",
    "precio": "8,98 €",
    "unidad": "340g",
    "precio_por_unidad": "26,41 € por kilogramo",
    "nutricion": {
      "valor_energetico_kj": "1921.0 Kj",
      "valor_energetico_kcal": "459.0 Kcal",
      "grasas_g": "22.0 g",
      "grasas_saturadas_g": "12.5 g",
      "hidratos_g": "38.3 g",
      "azucares_g": "30.0 g",
      "proteinas_g": "22.2 g",
      "sal_g": "0.89 g"
    },
    "caracteristicas": {
      "nombre_operador": "Nestlé España, S.A.",
      "direccion_operador": "C/ Clara Campoamor, nº 2 08950 Esplugues de Llobregat (Barcelona)",
      "pais_origen": "España",
      "denominacion_legal": "Preparado a base de leche en polvo y café soluble.",
      "peso_neto": "340g",
      "numero_raciones": "34",
      "signo_estimacion": "Si"
    },
    "id": 49
  },
  {
    "url": "https://www.compraonline.alcampo.es/products/alvalle-gazpacho-selecci%C3%B3n-de-temporada-alvalle-250-ml/453054",
    "nombre": "ALVALLE Gazpacho selección de temporada ALVALLE 250 ml.",
    "precio": "1,42 €",
    "unidad": "250g",
    "precio_por_unidad": "5,68 € por kilogramo",
    "nutricion": {
      "valor_energetico_kj": "218.0 Kj",
      "valor_energetico_kcal": "52.0 Kcal",
      "grasas_g": "3.6 g",
      "grasas_saturadas_g": "0.5 g",
      "hidratos_g": "3.8 g",
      "azucares_g": "2.4 g",
      "proteinas_g": "0.8 g",
      "sal_g": "0.45 g"
    },
    "caracteristicas": {
      "nombre_operador": "PEPSICO FOODS AIE",
      "direccion_operador": "CALLE MARIE CURIE, 7 PLANTA 1, EDIFICIO 8 VITORIA-GASTEIZ, ALAVA",
      "denominacion_legal": "Gazpacho",
      "peso_neto": "250g"
    },
    "id": 50
  },
  {
    "url": "https://www.compraonline.alcampo.es/products/m%C3%A1rdel-dulce-de-leche-450-g/18555",
    "nombre": "MÁRDEL Dulce de Leche 450 g.",
    "precio": "2,65 €",
    "unidad": "450g",
    "precio_por_unidad": "5,89 € por kilogramo",
    "nutricion": {
      "valor_energetico_kj": "1310.0 Kj",
      "valor_energetico_kcal": "310.0 Kcal",
      "grasas_g": "6.0 g",
      "grasas_saturadas_g": "4.1 g",
      "hidratos_g": "57.0 g",
      "azucares_g": "57.0 g",
      "proteinas_g": "7.0 g",
      "sal_g": "0.4 g"
    },
    "caracteristicas": {
      "nombre_operador": "Caro Import S.L.",
      "direccion_operador": "Can Illa s/n Nave A - Pol. Ind. Can Met Sidro - 08530 La Garriga (Barcelona)",
      "pais_origen": "España",
      "lugar_procedencia": "Barcelona",
      "denominacion_legal": "Dulce de leche",
      "peso_neto": "450g",
      "numero_raciones": "22 porciones aprox.",
      "cantidad_neta_disgregada": "450 g."
    },
    "id": 51
  },
  {
    "url": "https://www.compraonline.alcampo.es/products/producto-alcampo-pasta-mezze-maniche-al-bronzo-tavola-in-italia-500-g/226660",
    "nombre": "PRODUCTO ALCAMPO Pasta mezze maniche al bronzo Tavola in Italia 500 g.",
    "precio": "1,39 €",
    "unidad": "500g",
    "precio_por_unidad": "2,78 € por kilogramo",
    "nutricion": {
      "valor_energetico_kj": "1473.0 Kj",
      "valor_energetico_kcal": "347.0 Kcal",
      "grasas_g": "1.5 g",
      "grasas_saturadas_g": "0.3 g",
      "hidratos_g": "70.0 g",
      "azucares_g": "3.4 g",
      "proteinas_g": "12.0 g",
      "sal_g": "0.01 g"
    },
    "id": 52
  },
  {
    "url": "https://www.compraonline.alcampo.es/products/ambar-cerveza-morena-lata-de-33-cl/567622",
    "nombre": "AMBAR Cerveza morena lata de 33 cl.",
    "precio": "0,75 €",
    "unidad": "330ml",
    "precio_por_unidad": "2,27 € por litro",
    "nutricion": {
      "valor_energetico_kj": "208.0 Kj",
      "valor_energetico_kcal": "50.0 Kcal",
      "grasas_g": "0.0 g",
      "grasas_saturadas_g": "0.0 g",
      "hidratos_g": "4.9 g",
      "azucares_g": "0.0 g",
      "proteinas_g": "0.0 g",
      "sal_g": "0.0 g"
    },
    "caracteristicas": {
      "nombre_operador": "La Zaragozana, S.A.",
      "direccion_operador": "Ramón Berenguer IV, 1 - 50007 Zaragoza",
      "denominacion_legal": "Cerveza Especial",
      "peso_neto": "33cl",
      "cantidad_neta_disgregada": "6 x 25 CL"
    },
    "id": 53
  },
  {
    "url": "https://www.compraonline.alcampo.es/products/gerber-organic-tarrito-de-hortalizas-con-tenera-a-partir-de-6-meses-190-g/520804",
    "nombre": "GERBER Organic Tarrito de hortalizas con tenera, a partir de 6 meses 190 g.",
    "precio": "2,33 €",
    "unidad": "190g",
    "precio_por_unidad": "12,26 € por kilogramo",
    "nutricion": {
      "valor_energetico_kj": "198.0 Kj",
      "valor_energetico_kcal": "47.0 Kcal",
      "grasas_g": "1.3 g",
      "grasas_saturadas_g": "0.3 g",
      "hidratos_g": "5.9 g",
      "azucares_g": "1.5 g",
      "proteinas_g": "2.3 g",
      "sal_g": "0.05 g"
    },
    "caracteristicas": {
      "nombre_operador": "Nestlé España, S.A.",
      "direccion_operador": "C/ Clara Campoamor,  nº2 08950 Esplugues de Llobregat (Barcelona)",
      "pais_origen": "Polonia",
      "denominacion_legal": "Alimento infantil. Puré de hortalizas con ternera.",
      "peso_neto": "190g",
      "signo_estimacion": "Si"
    },
    "id": 54
  },
  {
    "url": "https://www.compraonline.alcampo.es/products/lay-s-al-punto-de-sal-patatas-fritas-lisas-de-bolsa-150-g/12469",
    "nombre": "LAY'S Al punto de sal Patatas fritas lisas de bolsa 150 g.",
    "precio": "1,60 €",
    "unidad": "150g",
    "precio_por_unidad": "10,67 € por kilogramo",
    "nutricion": {
      "valor_energetico_kj": "2174.0 Kj",
      "valor_energetico_kcal": "521.0 Kcal",
      "grasas_g": "31.0 g",
      "grasas_saturadas_g": "2.3 g",
      "hidratos_g": "53.0 g",
      "azucares_g": "0.4 g",
      "proteinas_g": "6.1 g",
      "sal_g": "0.85 g"
    },
    "caracteristicas": {
      "nombre_operador": "PEPSICO FOODS AIE",
      "direccion_operador": "CALLE MARIE CURIE, 7 PLANTA 1, EDIFICIO 8 VITORIA-GASTEIZ, ALAVA",
      "denominacion_legal": "Patatas fritas",
      "peso_neto": "150g"
    },
    "id": 55
  },
  {
    "url": "https://www.compraonline.alcampo.es/products/setas-bandeja-de-200g/55790",
    "nombre": "Setas bandeja de 200g.",
    "precio": "1,19 €",
    "unidad": "200g",
    "precio_por_unidad": "5,95 € por kilogramo",
    "nutricion": {
      "valor_energetico_kj": "134.0 Kj",
      "valor_energetico_kcal": "32.0 Kcal",
      "grasas_g": "0.61 g",
      "grasas_saturadas_g": "0.1 g",
      "hidratos_g": "3.6 g",
      "azucares_g": "0.52 g",
      "proteinas_g": "1.94 g",
      "sal_g": "0.01 g"
    },
    "caracteristicas": {
      "nombre_operador": "Champiñones EMAR Soc. Coop.",
      "direccion_operador": "CM De San Anton, s/n 02270 Villamalea (Albacete) España",
      "pais_origen": "España",
      "denominacion_legal": "Seta ostra",
      "peso_neto": "200g",
      "numero_raciones": "Una barqueta de 200g",
      "cantidad_neta_disgregada": "1x200g"
    },
    "id": 56
  },
  {
    "url": "https://www.compraonline.alcampo.es/products/old-el-paso-nachos-originales-old-el-paso-185-g/25865",
    "nombre": "OLD EL PASO Nachos originales OLD EL PASO 185 g.",
    "precio": "2,56 €",
    "unidad": "185g",
    "precio_por_unidad": "13,84 € por kilogramo",
    "nutricion": {
      "valor_energetico_kj": "2057.0 Kj",
      "valor_energetico_kcal": "492.0 Kcal",
      "grasas_g": "23.6 g",
      "grasas_saturadas_g": "2.2 g",
      "hidratos_g": "59.0 g",
      "azucares_g": "0.5 g",
      "proteinas_g": "7.8 g",
      "sal_g": "0.49 g"
    },
    "caracteristicas": {
      "nombre_operador": "General Mills France SAS",
      "direccion_operador": "150 rue Gallieni, 92100 Boulogne-Billancourt, France",
      "denominacion_legal": "Producto de aperitivo frito de maíz.",
      "peso_neto": "300g",
      "numero_raciones": "Contiene 6 porciones.",
      "signo_estimacion": "Si"
    },
    "id": 57
  },
  {
    "url": "https://www.compraonline.alcampo.es/products/latino-queso-fresco-latino-de-albe-500-g/98624",
    "nombre": "LATINO Queso fresco LATINO de ALBE 500 g.",
    "precio": "5,71 €",
    "unidad": "500g",
    "precio_por_unidad": "11,42 € por kilogramo",
    "nutricion": {
      "valor_energetico_kj": "1182.0 Kj",
      "valor_energetico_kcal": "285.0 Kcal",
      "grasas_g": "22.0 g",
      "grasas_saturadas_g": "14.0 g",
      "hidratos_g": "2.5 g",
      "azucares_g": "1.7 g",
      "proteinas_g": "17.0 g",
      "sal_g": "1.6 g"
    },
    "caracteristicas": {
      "nombre_operador": "Lácteas del Jarama, S.A.",
      "direccion_operador": "C/ Torrelaguna, 79 - 28140 Fuente el Saz (Madrid).",
      "pais_origen": "España",
      "lugar_procedencia": "España",
      "denominacion_legal": "Queso fresco",
      "peso_neto": "500g"
    },
    "id": 58
  },
  {
    "url": "https://www.compraonline.alcampo.es/products/tiger-khan-pasta-fideos-de-arroz-sin-gluten-tiger-khan-250-g/207810",
    "nombre": "TIGER KHAN Pasta fideos de arroz sin gluten TIGER KHAN 250 g.",
    "precio": "1,89 €",
    "unidad": "250g",
    "precio_por_unidad": "7,56 € por kilogramo",
    "nutricion": {
      "valor_energetico_kj": "1425.0 Kj",
      "valor_energetico_kcal": "340.0 Kcal",
      "grasas_g": "1.0 g",
      "grasas_saturadas_g": "0.4 g",
      "hidratos_g": "75.0 g",
      "azucares_g": "0.0 g",
      "proteinas_g": "6.9 g",
      "sal_g": "0.02 g"
    },
    "caracteristicas": {
      "nombre_operador": "Frico dan s.a.",
      "direccion_operador": "Polígono Industrial San Luis C/Atenas 23 29006 Málaga",
      "pais_origen": "Vietnam",
      "denominacion_legal": "Fideos de arroz",
      "peso_neto": "250g"
    },
    "id": 59
  },
  {
    "url": "https://www.compraonline.alcampo.es/products/calvo-sardinas-en-aceite-de-oliva-bajo-en-sal-84-g/25633",
    "nombre": "CALVO Sardinas en aceite de oliva bajo en sal 84 g.",
    "precio": "1,89 €",
    "unidad": "81g",
    "precio_por_unidad": "23,33 € por kilogramo",
    "nutricion": {
      "valor_energetico_kj": "1348.0 Kj",
      "valor_energetico_kcal": "323.0 Kcal",
      "grasas_g": "28.0 g",
      "grasas_saturadas_g": "4.0 g",
      "hidratos_g": "0.0 g",
      "azucares_g": "0.0 g",
      "proteinas_g": "18.0 g",
      "sal_g": "0.0 g"
    },
    "caracteristicas": {
      "nombre_operador": "Calvo Distribución Alimentaria SLU",
      "direccion_operador": "Ctra. Coruña-Finisterre. 15106 Carballo. La Coruña",
      "pais_origen": "Marruecos",
      "lugar_procedencia": "NO Aplica",
      "denominacion_legal": "Sardinas en aceite de oliva baja en sal",
      "formato": "Lata",
      "peso_neto": "120g",
      "signo_estimacion": "Si"
    },
    "id": 60
  },
  {
    "url": "https://www.compraonline.alcampo.es/products/rana-raviolis-de-pasta-fresca-rellenos-de-tomate-y-mozzarella-250-g/632444",
    "nombre": "RANA Raviolis de pasta fresca rellenos de tomate y mozzarella 250 g.",
    "precio": "2,99 €",
    "unidad": "250g",
    "precio_por_unidad": "11,96 € por kilogramo",
    "nutricion": {
      "valor_energetico_kj": "1115.0 Kj",
      "valor_energetico_kcal": "266.0 Kcal",
      "grasas_g": "8.7 g",
      "grasas_saturadas_g": "3.5 g",
      "hidratos_g": "33.0 g",
      "azucares_g": "6.0 g",
      "proteinas_g": "11.0 g",
      "sal_g": "0.85 g"
    },
    "caracteristicas": {
      "nombre_operador": "Rana Hispania sau",
      "direccion_operador": "Avda Hermanos Bou 31, 12003 Castellon de la plana",
      "pais_origen": "Italia",
      "denominacion_legal": "pasta fresca Ravioli tomate y mozzarella",
      "peso_neto": "250g",
      "numero_raciones": "2",
      "signo_estimacion": "Si"
    },
    "id": 61
  },
  {
    "url": "https://www.compraonline.alcampo.es/products/alhambra-especial-cerveza-botella-6-x-25-cl/888956",
    "nombre": "ALHAMBRA Especial Cerveza botella 6 x 25 cl.",
    "precio": "2,98 €",
    "unidad": "1500ml",
    "precio_por_unidad": "1,99 € por litro",
    "nutricion": {
      "valor_energetico_kj": "206.0 Kj",
      "valor_energetico_kcal": "49.0 Kcal",
      "grasas_g": "0.0 g",
      "grasas_saturadas_g": "0.0 g",
      "hidratos_g": "4.15 g",
      "azucares_g": "0.3 g",
      "proteinas_g": "0.3 g",
      "sal_g": "0.0 g"
    },
    "caracteristicas": {
      "nombre_operador": "MAHOU, S.A.",
      "direccion_operador": "Calle Titán, 15  28045  Madrid",
      "pais_origen": "España",
      "denominacion_legal": "CERVEZA ESPECIAL",
      "formato": "Botella",
      "peso_neto": "1,5l",
      "agrupacion": "Pack de  6",
      "capacidad": "25 cl.",
      "signo_estimacion": "Si"
    },
    "id": 62
  },
  {
    "url": "https://www.compraonline.alcampo.es/products/encanto-vino-tinto-menc%C3%ADa-con-i-g-p-vino-de-la-tierra-de-castilla-y-le%C3%B3n-botella-75-cl/37132",
    "nombre": "ENCANTO  Vino tinto Mencía con I.G.P. Vino de la Tierra de Castilla y León botella 75 cl.",
    "precio": "3,49 €",
    "nutricion": {
      "valor_energetico_kj": "341.98 Kj",
      "valor_energetico_kcal": "81.73 Kcal",
      "grasas_g": "0.0 g",
      "grasas_saturadas_g": "0.0 g",
      "hidratos_g": "0.4 g",
      "azucares_g": "0.15 g",
      "proteinas_g": "0.2 g",
      "sal_g": "0.01 g"
    },
    "caracteristicas": {
      "nombre_operador": "Vinos de Arganza, S.L.",
      "direccion_operador": "C/Río Ancares, 2, 24560 Toral de los Vados, León",
      "denominacion_legal": "Vino Tinto"
    },
    "id": 63
  },
  {
    "url": "https://www.compraonline.alcampo.es/products/producto-alcampo-bebida-isot%C3%B3nica-con-sabor-a-naranja-pack-de-6-uds-x-33-cl/897814",
    "nombre": "PRODUCTO ALCAMPO Bebida isotónica con sabor a naranja pack de 6 uds x 33 cl.",
    "precio": "2,64 €",
    "unidad": "1980ml",
    "precio_por_unidad": "1,33 € por litro",
    "nutricion": {
      "valor_energetico_kj": "84.0 Kj",
      "valor_energetico_kcal": "20.0 Kcal",
      "grasas_g": "0.0 g",
      "grasas_saturadas_g": "0.0 g",
      "hidratos_g": "4.7 g",
      "azucares_g": "4.7 g",
      "proteinas_g": "0.0 g",
      "sal_g": "0.05 g"
    },
    "caracteristicas": {
      "nombre_operador": "Alcampo, S.A.",
      "direccion_operador": "c/ Santiago de Compostela, Sur s/n, 28029 Madrid",
      "denominacion_legal": "Bebida refrescante aromatizada con azúcar y edulcorante.",
      "peso_neto": "330ml",
      "numero_raciones": "6",
      "signo_estimacion": "Si"
    },
    "id": 64
  },
  {
    "url": "https://www.compraonline.alcampo.es/products/hellmann-s-salsa-burger-250-ml/23080",
    "nombre": "HELLMANN'S Salsa burger 250 ml.",
    "precio": "1,70 €",
    "unidad": "250ml",
    "precio_por_unidad": "6,80 € por litro",
    "nutricion": {
      "valor_energetico_kj": "1046.0 Kj",
      "valor_energetico_kcal": "250.0 Kcal",
      "grasas_g": "22.0 g",
      "grasas_saturadas_g": "1.7 g",
      "hidratos_g": "12.0 g",
      "azucares_g": "7.2 g",
      "proteinas_g": "1.1 g",
      "sal_g": "1.4 g"
    },
    "caracteristicas": {
      "nombre_operador": "Unilever España, S.A.",
      "direccion_operador": "C/ Tecnología 19, 08840 Viladecans (Barcelona)",
      "pais_origen": "España",
      "denominacion_legal": "Salsa",
      "peso_neto": "250ml",
      "numero_raciones": "16"
    },
    "id": 65
  },
  {
    "url": "https://www.compraonline.alcampo.es/products/la-molisana-spaghetti-integrales-n%C2%BA-15-pasta-seca-500-g/523538",
    "nombre": "LA MOLISANA Spaghetti integrales nº 15 (pasta seca) 500 g.",
    "precio": "1,89 €",
    "unidad": "500g",
    "precio_por_unidad": "3,78 € por kilogramo",
    "nutricion": {
      "valor_energetico_kj": "1494.0 Kj",
      "valor_energetico_kcal": "353.0 Kcal",
      "grasas_g": "2.0 g",
      "grasas_saturadas_g": "0.3 g",
      "hidratos_g": "65.0 g",
      "azucares_g": "3.3 g",
      "proteinas_g": "15.0 g",
      "sal_g": "0.08 g"
    },
    "caracteristicas": {
      "nombre_operador": "Delisur Europa",
      "direccion_operador": "C. de Ríos Rosas, 36 - 28003, Madrid",
      "denominacion_legal": "Spaghetti integral",
      "peso_neto": "500g"
    },
    "id": 66
  },
  {
    "url": "https://www.compraonline.alcampo.es/products/president-crema-de-queso-para-untar-emmental125-g/54956",
    "nombre": "PRESIDENT Crema de queso para untar emmental125 g.",
    "precio": "1,75 €",
    "unidad": "125g",
    "precio_por_unidad": "14,00 € por kilogramo",
    "nutricion": {
      "valor_energetico_kj": "1155.0 Kj",
      "valor_energetico_kcal": "279.0 Kcal",
      "grasas_g": "25.0 g",
      "grasas_saturadas_g": "18.0 g",
      "hidratos_g": "1.5 g",
      "azucares_g": "1.5 g",
      "proteinas_g": "12.0 g",
      "sal_g": "2.4 g"
    },
    "caracteristicas": {
      "nombre_operador": "Lactalis Forlasa S.L.U.",
      "direccion_operador": "Avda. Reyes Católicos. 135. 02600 Villarrobledo",
      "pais_origen": "Francia",
      "lugar_procedencia": "Francia",
      "denominacion_legal": "Queso fundido",
      "peso_neto": "125g"
    },
    "id": 67
  },
  {
    "url": "https://www.compraonline.alcampo.es/products/barilla-pasta-risoni-orzo-500-g/515044",
    "nombre": "BARILLA Pasta risoni orzo 500 g.",
    "precio": "1,00 €",
    "unidad": "500g",
    "precio_por_unidad": "2,00 € por kilogramo",
    "nutricion": {
      "valor_energetico_kj": "1521.0 Kj",
      "valor_energetico_kcal": "359.0 Kcal",
      "grasas_g": "2.0 g",
      "grasas_saturadas_g": "0.5 g",
      "hidratos_g": "72.0 g",
      "azucares_g": "3.5 g",
      "proteinas_g": "12.0 g",
      "sal_g": "0.0 g"
    },
    "caracteristicas": {
      "nombre_operador": "Barilla G. e R. Fratelli",
      "direccion_operador": "Via Mantova 166, Parma - Italy.",
      "pais_origen": "Italia",
      "denominacion_legal": "Pasta alimenticia de trigo duro",
      "peso_neto": "500g"
    },
    "id": 68
  },
  {
    "url": "https://www.compraonline.alcampo.es/products/rana-tortellini-parmigiano-reggiano-cl%C3%A1sica-sin-conservantes-250-g/632445",
    "nombre": "RANA Tortellini parmigiano reggiano clásica sin conservantes 250 g.",
    "precio": "3,33 €",
    "unidad": "250g",
    "precio_por_unidad": "13,32 € por kilogramo",
    "nutricion": {
      "valor_energetico_kj": "1187.0 Kj",
      "valor_energetico_kcal": "283.0 Kcal",
      "grasas_g": "12.0 g",
      "grasas_saturadas_g": "4.6 g",
      "hidratos_g": "30.0 g",
      "azucares_g": "6.2 g",
      "proteinas_g": "11.0 g",
      "sal_g": "1.1 g"
    },
    "caracteristicas": {
      "nombre_operador": "Rana Hispania sau",
      "direccion_operador": "Avda Hermanos Bou 31, 12003 Castellon de la plana",
      "pais_origen": "Italia",
      "denominacion_legal": "pasta fresca Tort. Parmigiano",
      "peso_neto": "250g",
      "numero_raciones": "2",
      "signo_estimacion": "Si"
    },
    "id": 69
  },
  {
    "url": "https://www.compraonline.alcampo.es/products/kas-refresco-de-lim%C3%B3n-botella-1-25-l/788700",
    "nombre": "KAS Refresco de limón botella 1,25 l.",
    "precio": "1,49 €",
    "unidad": "1000ml",
    "precio_por_unidad": "1,49 € por litro",
    "nutricion": {
      "valor_energetico_kj": "93.0 Kj",
      "valor_energetico_kcal": "22.0 Kcal",
      "grasas_g": "0.0 g",
      "grasas_saturadas_g": "0.0 g",
      "hidratos_g": "4.0 g",
      "azucares_g": "4.0 g",
      "proteinas_g": "0.0 g",
      "sal_g": "0.0 g"
    },
    "caracteristicas": {
      "nombre_operador": "COMPAÑIA DE BEBIDAS PEPSICO SL",
      "direccion_operador": "CALLE MARIE CURIE, 7 PLANTA 1, EDIFICIO 8 VITORIA-GASTEIZ, ALAVA",
      "denominacion_legal": "Bebida refrescante de zumo de fruta con azúcares y edulcorantes",
      "peso_neto": "1000g"
    },
    "id": 70
  },
  {
    "url": "https://www.compraonline.alcampo.es/products/auchan-yogur-griego-natural-con-az%C3%BAcar-moreno-de-ca%C3%B1a-1-kg-producto-alcampo/205101",
    "nombre": "AUCHAN Yogur griego natural con azúcar moreno de caña 1 kg. Producto Alcampo",
    "precio": "2,28 €",
    "unidad": "1000g",
    "precio_por_unidad": "2,28 € por kilogramo",
    "nutricion": {
      "valor_energetico_kj": "545.0 Kj",
      "valor_energetico_kcal": "131.0 Kcal",
      "grasas_g": "8.1 g",
      "grasas_saturadas_g": "5.4 g",
      "hidratos_g": "11.0 g",
      "azucares_g": "11.0 g",
      "proteinas_g": "3.4 g",
      "sal_g": "0.13 g"
    },
    "caracteristicas": {
      "nombre_operador": "Alcampo, S.A.",
      "direccion_operador": "c/ Santiago de Compostela, Sur s/n, 28029 Madrid",
      "denominacion_legal": "Yogur natural azucarado.",
      "peso_neto": "1kg",
      "sabor": "Natural azucarado",
      "numero_raciones": "8",
      "signo_estimacion": "Si"
    },
    "id": 71
  },
  {
    "url": "https://www.compraonline.alcampo.es/products/calvo-at%C3%BAn-claro-al-natural-sin-aceite-con-contenido-reducido-en-sal-pack-de-3-uds-56-g/21993",
    "nombre": "CALVO Atún claro al natural sin aceite con contenido reducido en sal. pack de 3 uds. 56 g.",
    "precio": "4,32 €",
    "unidad": "168g",
    "precio_por_unidad": "25,71 € por kilogramo",
    "nutricion": {
      "valor_energetico_kj": "401.0 Kj",
      "valor_energetico_kcal": "96.0 Kcal",
      "grasas_g": "1.0 g",
      "grasas_saturadas_g": "0.0 g",
      "hidratos_g": "0.0 g",
      "azucares_g": "0.0 g",
      "proteinas_g": "22.0 g",
      "sal_g": "0.0 g"
    },
    "caracteristicas": {
      "nombre_operador": "Calvo Distribución Alimentaria SLU",
      "direccion_operador": "Ctra. Coruña-Finisterre. 15106 Carballo. La Coruña",
      "pais_origen": "España",
      "lugar_procedencia": "NO Aplica",
      "denominacion_legal": "Atún claro al natural bajo en sal",
      "formato": "Lata",
      "peso_neto": "240g",
      "numero_raciones": "3",
      "cantidad_neta_disgregada": "3x80gr",
      "signo_estimacion": "Si"
    },
    "id": 72
  },
  {
    "url": "https://www.compraonline.alcampo.es/products/illy-caf%C3%A9-en-grano-natural-tueste-medio-250-g/23951",
    "nombre": "ILLY Café en grano natural tueste medio 250 g.",
    "precio": "6,95 €",
    "unidad": "250g",
    "precio_por_unidad": "27,80 € por kilogramo",
    "nutricion": {
      "valor_energetico_kj": "16.0 Kj",
      "valor_energetico_kcal": "4.0 Kcal",
      "grasas_g": "0.06 g",
      "grasas_saturadas_g": "0.02 g",
      "hidratos_g": "0.5 g",
      "azucares_g": "0.01 g",
      "proteinas_g": "0.2 g",
      "sal_g": "0.2 g"
    },
    "caracteristicas": {
      "nombre_operador": "Illycaffè Spa Sucursal En España",
      "direccion_operador": "Plaça d’Ernest Lluch i Martin 5 1ª Planta CP 08019 Barcelona- España",
      "pais_origen": "Italia",
      "denominacion_legal": "Café en granos tueste classico",
      "peso_neto": "250g"
    },
    "id": 73
  },
  {
    "url": "https://www.compraonline.alcampo.es/products/hohes-c-zumo-multifrutas-nutricional-con-extra-de-hierro-y-vitamina-c-1-l/190728",
    "nombre": "HOHES C Zumo multifrutas nutricional con extra de hierro y vitamina C 1 L.",
    "precio": "2,19 €",
    "unidad": "1000ml",
    "precio_por_unidad": "2,19 € por litro",
    "nutricion": {
      "valor_energetico_kj": "171.0 Kj",
      "valor_energetico_kcal": "41.0 Kcal",
      "grasas_g": "0.5 g",
      "grasas_saturadas_g": "0.1 g",
      "hidratos_g": "9.3 g",
      "azucares_g": "8.9 g",
      "proteinas_g": "0.5 g",
      "sal_g": "0.01 g"
    },
    "caracteristicas": {
      "nombre_operador": "Eckes-Granini Ibérica, S.A.U.",
      "direccion_operador": "Avda Diagonal, nº 514, 1er piso, puerta 1,2. 08006, Barcelona, Spain",
      "denominacion_legal": "Zumo elaborado parcialmente con zumo concentrado de frutas, puré de frambuesa y zumo concentrado de zanahoria negra y gluconato de hierro",
      "peso_neto": "1l",
      "signo_estimacion": "Si"
    },
    "id": 74
  },
  {
    "url": "https://www.compraonline.alcampo.es/products/franziskaner-naturtrub-cerveza-alemana-de-trigo-botella-50-cl/30508",
    "nombre": "FRANZISKANER NATURTRUB Cerveza Alemana de trigo botella 50 cl.",
    "precio": "1,29 €",
    "unidad": "500ml",
    "precio_por_unidad": "2,58 € por litro",
    "nutricion": {
      "valor_energetico_kj": "180.0 Kj",
      "valor_energetico_kcal": "43.0 Kcal",
      "grasas_g": "0.0 g",
      "grasas_saturadas_g": "0.0 g",
      "hidratos_g": "3.3 g",
      "azucares_g": "0.2 g",
      "proteinas_g": "0.8 g",
      "sal_g": "0.0 g"
    },
    "caracteristicas": {
      "nombre_operador": "MAHOU, S.A.",
      "direccion_operador": "Calle Titan, 15  28045  Madrid",
      "pais_origen": "Alemania",
      "denominacion_legal": "CERVEZA DE TRIGO",
      "formato": "Botella",
      "peso_neto": "0,5l",
      "agrupacion": "Unidad",
      "capacidad": "50 cl."
    },
    "id": 75
  },
  {
    "url": "https://www.compraonline.alcampo.es/products/producto-alcampo-cereales-desayuno-de-arroz-y-ma%C3%ADz-p%C3%A9talos-de-chocolate-sin-gluten-producto-alcampo-400-g/800574",
    "nombre": "PRODUCTO ALCAMPO Cereales desayuno de arroz y maíz, pétalos de chocolate, sin gluten PRODUCTO ALCAMPO 400 g.",
    "precio": "2,31 €",
    "unidad": "400g",
    "precio_por_unidad": "5,78 € por kilogramo",
    "nutricion": {
      "valor_energetico_kj": "1648.0 Kj",
      "valor_energetico_kcal": "390.0 Kcal",
      "grasas_g": "4.5 g",
      "grasas_saturadas_g": "2.4 g",
      "hidratos_g": "78.0 g",
      "azucares_g": "25.0 g",
      "proteinas_g": "6.2 g",
      "sal_g": "0.21 g"
    },
    "caracteristicas": {
      "nombre_operador": "Alcampo, S.A.",
      "direccion_operador": "c/ Santiago de Compostela, Sur s/n, 28029 Madrid",
      "pais_origen": "España",
      "lugar_procedencia": "España",
      "denominacion_legal": "CEREAL DE DESAYUNO DE MAÍZ Y ARROZ EXTRUSIONADO CON CACAO",
      "peso_neto": "400g",
      "numero_raciones": "13",
      "signo_estimacion": "Si"
    },
    "id": 76
  },
  {
    "url": "https://www.compraonline.alcampo.es/products/producto-alcampo-cookies-galletas-con-pepitas-de-chocolate-elaboradas-sin-gluten-ni-lactosa-150-g/747613",
    "nombre": "PRODUCTO ALCAMPO Cookies (galletas) con pepitas de chocolate, elaboradas sin gluten ni lactosa 150 g.",
    "precio": "2,99 €",
    "unidad": "150g",
    "precio_por_unidad": "19,93 € por kilogramo",
    "nutricion": {
      "valor_energetico_kj": "2037.0 Kj",
      "valor_energetico_kcal": "486.0 Kcal",
      "grasas_g": "21.2 g",
      "grasas_saturadas_g": "15.7 g",
      "hidratos_g": "68.9 g",
      "azucares_g": "20.6 g",
      "proteinas_g": "3.6 g",
      "sal_g": "1.1 g"
    },
    "caracteristicas": {
      "nombre_operador": "TFT FOOD S.L",
      "direccion_operador": "P.I LAS SALINAS. C/ MANANTIAL Nº16. 11500 EL PUERTO DE SANTA MARIA. CADIZ",
      "pais_origen": "España",
      "denominacion_legal": "Galletas con pepitas de chocolate sin gluten",
      "peso_neto": "150g",
      "numero_raciones": "25gramos/ración",
      "signo_estimacion": "Si"
    },
    "id": 77
  },
  {
    "url": "https://www.compraonline.alcampo.es/products/chiquil%C3%ADn-de-artiach-galletas-tostadas-525-g/763192",
    "nombre": "CHIQUILÍN de Artiach Galletas tostadas 525 g.",
    "precio": "2,85 €",
    "unidad": "525g",
    "precio_por_unidad": "5,43 € por kilogramo",
    "nutricion": {
      "valor_energetico_kj": "1952.0 Kj",
      "valor_energetico_kcal": "464.0 Kcal",
      "grasas_g": "16.0 g",
      "grasas_saturadas_g": "2.9 g",
      "hidratos_g": "72.0 g",
      "azucares_g": "21.0 g",
      "proteinas_g": "6.7 g",
      "sal_g": "0.25 g"
    },
    "caracteristicas": {
      "nombre_operador": "Galletas Artiach S.A.U.",
      "direccion_operador": "Barrio Bengoetxea núm. 20 48410-Orozko",
      "pais_origen": "España",
      "denominacion_legal": "(ES) GALLETA",
      "peso_neto": "525g"
    },
    "id": 78
  },
  {
    "url": "https://www.compraonline.alcampo.es/products/mollete-de-antequera-el-antequerano-4-uds-130-g/75682",
    "nombre": "Mollete de antequera EL ANTEQUERANO 4 uds. 130 g.",
    "precio": "1,88 €",
    "unidad": "280g",
    "precio_por_unidad": "6,71 € por kilogramo",
    "nutricion": {
      "valor_energetico_kj": "1020.0 Kj",
      "valor_energetico_kcal": "241.0 Kcal",
      "grasas_g": "0.9 g",
      "grasas_saturadas_g": "0.2 g",
      "hidratos_g": "49.1 g",
      "azucares_g": "2.4 g",
      "proteinas_g": "7.4 g",
      "sal_g": "1.6 g"
    },
    "caracteristicas": {
      "nombre_operador": "Horno el Antequerano,S.L.",
      "direccion_operador": "C/Clara Campoamor 29520 Fuente de Piedra Antequera",
      "pais_origen": "España",
      "lugar_procedencia": "Elaborado en Fuente de Piedra - Antequera",
      "denominacion_legal": "Mollete de Antequera Mediano",
      "peso_neto": "280g",
      "numero_raciones": "Pieza de 70 g."
    },
    "id": 79
  },
  {
    "url": "https://www.compraonline.alcampo.es/products/pompadour-cola-de-caballo-plus-3-40-g/12295",
    "nombre": "POMPADOUR Cola de caballo plus 3, 40 g,",
    "precio": "2,56 €",
    "precio_por_unidad": "20 por envase",
    "nutricion": {
      "valor_energetico_kj": "3.0 Kj",
      "valor_energetico_kcal": "1.0 Kcal",
      "grasas_g": "0.0 g",
      "grasas_saturadas_g": "0.0 g",
      "hidratos_g": "0.2 g",
      "azucares_g": "0.1 g",
      "proteinas_g": "0.0 g",
      "sal_g": "0.0 g"
    },
    "caracteristicas": {
      "nombre_operador": "POMPADOUR IBÉRICA, S.A",
      "direccion_operador": "CTRA. A MADRID KM 405, POL. IND. LAS ATALAYAS PARCELA 8A 03114 ALICANTE",
      "pais_origen": "España",
      "denominacion_legal": "Infusión de plantas naturales",
      "peso_neto": "40g",
      "numero_raciones": "veinte",
      "cantidad_neta_disgregada": "20X2 Gramos",
      "signo_estimacion": "Si"
    },
    "id": 80
  },
  {
    "url": "https://www.compraonline.alcampo.es/products/monster-energy-juiced-khaotic-bebida-energ%C3%A9tica-lata-500-ml/191037",
    "nombre": "MONSTER Energy Juiced khaotic Bebida energética lata 500 ml.",
    "precio": "1,79 €",
    "unidad": "500ml",
    "precio_por_unidad": "3,58 € por litro",
    "nutricion": {
      "valor_energetico_kj": "146.0 Kj",
      "valor_energetico_kcal": "34.0 Kcal",
      "grasas_g": "0.0 g",
      "grasas_saturadas_g": "0.0 g",
      "hidratos_g": "8.6 g",
      "azucares_g": "7.8 g",
      "proteinas_g": "0.0 g",
      "sal_g": "0.06 g"
    },
    "caracteristicas": {
      "nombre_operador": "Monster Energy Limited",
      "direccion_operador": "South Bank House, Barrow Street, Dublin 4, Irlanda",
      "denominacion_legal": "Bebida energética carbonatada con 10% de zumo de fruta procedente de zumo de fruta concentrado, taurina, ginseng, cafeína, L-carnitina y vitaminas del grupo B. Con azúcares y edulcorantes.",
      "peso_neto": "0,5l",
      "numero_raciones": "1"
    },
    "id": 81
  },
  {
    "url": "https://www.compraonline.alcampo.es/products/nescaf%C3%A9-gold-caf%C3%A9-soluble-cappuccino-250-g/16642",
    "nombre": "NESCAFÉ GOLD Café soluble Cappuccino 250 g.",
    "precio": "4,21 €",
    "unidad": "250g",
    "precio_por_unidad": "16,84 € por kilogramo",
    "nutricion": {
      "valor_energetico_kj": "131.0 Kj",
      "valor_energetico_kcal": "31.0 Kcal",
      "grasas_g": "0.6 g",
      "grasas_saturadas_g": "0.5 g",
      "hidratos_g": "5.5 g",
      "azucares_g": "3.7 g",
      "proteinas_g": "0.7 g",
      "sal_g": "0.09 g"
    },
    "caracteristicas": {
      "nombre_operador": "Nestlé España, S.A.",
      "direccion_operador": "C/ Clara Campoamor, nº 2 08950 Esplugues de Llobregat (Barcelona)",
      "pais_origen": "España",
      "denominacion_legal": "Preparado alimenticio en polvo para bebida de café soluble y leche desnatada.",
      "peso_neto": "250g",
      "numero_raciones": "17",
      "cantidad_neta_disgregada": "250g",
      "signo_estimacion": "Si"
    },
    "id": 82
  },
  {
    "url": "https://www.compraonline.alcampo.es/products/oikos-yogur-griego-natural-azucarado-de-danone-4-x-110-g/89555",
    "nombre": "OIKOS Yogur griego natural azucarado  de Danone 4 x 110 g.",
    "precio": "2,49 €",
    "unidad": "440g",
    "precio_por_unidad": "5,66 € por kilogramo",
    "nutricion": {
      "valor_energetico_kj": "604.0 Kj",
      "valor_energetico_kcal": "145.0 Kcal",
      "grasas_g": "10.0 g",
      "grasas_saturadas_g": "6.3 g",
      "hidratos_g": "10.6 g",
      "azucares_g": "10.6 g",
      "proteinas_g": "3.2 g",
      "sal_g": "0.1 g"
    },
    "caracteristicas": {
      "nombre_operador": "Danone S.A.",
      "direccion_operador": "Buenos aires, 21 08029 Barcelona  Barcelona",
      "denominacion_legal": "Yogur Natural Azucarado",
      "peso_neto": "440g",
      "sabor": "Natural azucarado",
      "cantidad_neta_disgregada": "4x110g"
    },
    "id": 83
  },
  {
    "url": "https://www.compraonline.alcampo.es/products/vi%C3%B1as-del-vero-vino-blanco-con-d-o-somontano-botella-75-cl/36705",
    "nombre": "VIÑAS DEL VERO  Vino blanco con D.O. Somontano botella 75 cl.",
    "precio": "11,89 €",
    "nutricion": {
      "valor_energetico_kj": "317.0 Kj",
      "valor_energetico_kcal": "76.0 Kcal",
      "grasas_g": "0.0 g",
      "grasas_saturadas_g": "0.0 g",
      "hidratos_g": "1.15 g",
      "azucares_g": "1.15 g",
      "proteinas_g": "0.0 g",
      "sal_g": "0.0 g"
    },
    "caracteristicas": {
      "nombre_operador": "VIÑAS DEL VERO S.A.",
      "direccion_operador": "Crta. a Naval, km 3,7, 22300 Barbastro, Huesca",
      "denominacion_legal": "Vino Blanco"
    },
    "id": 84
  },
  {
    "url": "https://www.compraonline.alcampo.es/products/cuca-at%C3%BAn-claro-en-aceite-de-oliva-pack-3-uds-x-67-g/28639",
    "nombre": "CUCA Atún claro en aceite de oliva pack 3 uds. x 67 g.",
    "precio": "7,84 €",
    "unidad": "201g",
    "precio_por_unidad": "39,00 € por kilogramo",
    "nutricion": {
      "valor_energetico_kj": "1561.0 Kj",
      "valor_energetico_kcal": "377.0 Kcal",
      "grasas_g": "33.0 g",
      "grasas_saturadas_g": "4.7 g",
      "hidratos_g": "0.0 g",
      "azucares_g": "0.0 g",
      "proteinas_g": "20.0 g",
      "sal_g": "0.9 g"
    },
    "caracteristicas": {
      "nombre_operador": "Bolton Cile España, S.A.",
      "direccion_operador": "C/ Ombú 3 28045-Madrid (España)",
      "pais_origen": "España",
      "denominacion_legal": "Atún claro en aceite de oliva",
      "formato": "Lata",
      "peso_neto": "276g",
      "cantidad_neta_disgregada": "92gx3"
    },
    "id": 85
  },
  {
    "url": "https://www.compraonline.alcampo.es/products/maizena-harina-fina-de-ma%C3%ADz-700-g/20435",
    "nombre": "MAIZENA Harina fina de maíz 700 g.",
    "precio": "4,19 €",
    "unidad": "700g",
    "precio_por_unidad": "5,99 € por kilogramo",
    "nutricion": {
      "valor_energetico_kj": "1487.0 Kj",
      "valor_energetico_kcal": "355.0 Kcal",
      "grasas_g": "0.5 g",
      "grasas_saturadas_g": "0.1 g",
      "hidratos_g": "86.0 g",
      "azucares_g": "0.5 g",
      "proteinas_g": "0.5 g",
      "sal_g": "0.01 g"
    },
    "caracteristicas": {
      "nombre_operador": "Unilever España, S.A.",
      "direccion_operador": "C/ Tecnología 19, 08840 Viladecans (Barcelona)",
      "pais_origen": "Francia",
      "denominacion_legal": "Almidón de maíz",
      "peso_neto": "700g",
      "signo_estimacion": "Si"
    },
    "id": 86
  },
  {
    "url": "https://www.compraonline.alcampo.es/products/rana-ravioli-de-pasta-fresca-al-huevo-rellenos-de-crema-de-calabaza-y-cebolla-caramelizada-250-g/84421",
    "nombre": "RANA Ravioli de pasta fresca al huevo, rellenos de crema de calabaza y cebolla caramelizada 250 g.",
    "precio": "2,99 €",
    "unidad": "250g",
    "precio_por_unidad": "11,96 € por kilogramo",
    "nutricion": {
      "valor_energetico_kj": "1037.0 Kj",
      "valor_energetico_kcal": "247.0 Kcal",
      "grasas_g": "7.8 g",
      "grasas_saturadas_g": "2.6 g",
      "hidratos_g": "32.0 g",
      "azucares_g": "7.7 g",
      "proteinas_g": "8.8 g",
      "sal_g": "0.73 g"
    },
    "caracteristicas": {
      "nombre_operador": "Rana Hispania sau",
      "direccion_operador": "Avda Hermanos Bou 31, 12003 Castellon de la plana",
      "pais_origen": "Italia",
      "denominacion_legal": "Pasta fresca al huevo rellena de calabaza",
      "peso_neto": "250g",
      "numero_raciones": "2",
      "signo_estimacion": "Si"
    },
    "id": 87
  },
  {
    "url": "https://www.compraonline.alcampo.es/products/auchan-capuccino-estilo-italiano-2-x-90-g-producto-alcampo/51454",
    "nombre": "AUCHAN Capuccino estilo italiano 2 x 90 g. Producto Alcampo",
    "precio": "1,95 €",
    "unidad": "180g",
    "precio_por_unidad": "10,83 € por kilogramo",
    "nutricion": {
      "valor_energetico_kj": "1189.0 Kj",
      "valor_energetico_kcal": "283.0 Kcal",
      "grasas_g": "9.7 g",
      "grasas_saturadas_g": "8.0 g",
      "hidratos_g": "39.8 g",
      "azucares_g": "24.3 g",
      "proteinas_g": "5.1 g",
      "sal_g": "0.3 g"
    },
    "caracteristicas": {
      "nombre_operador": "Fabricado por Dolcíssimo Srl para Alcampo, S.A",
      "direccion_operador": "C/Santiago de Compostela Sur, S/N, 28029 Madrid",
      "pais_origen": "Italia",
      "denominacion_legal": "Postre con bizcocho, mousse de café y decorado con trocitos de chocolate",
      "peso_neto": "180g",
      "numero_raciones": "Este envase contiene 2 porciones de 90 g",
      "cantidad_neta_disgregada": "2 x 90 g",
      "signo_estimacion": "Si"
    },
    "id": 88
  },
  {
    "url": "https://www.compraonline.alcampo.es/products/pescanova-caprichos-de-pota-en-anillas-a-la-romana-400-g/62398",
    "nombre": "PESCANOVA Caprichos de pota en anillas a la romana 400 g.",
    "precio": "3,14 €",
    "unidad": "400g",
    "precio_por_unidad": "7,85 € por kilogramo",
    "nutricion": {
      "valor_energetico_kj": "941.0 Kj",
      "valor_energetico_kcal": "225.0 Kcal",
      "grasas_g": "12.2 g",
      "grasas_saturadas_g": "1.1 g",
      "hidratos_g": "22.4 g",
      "azucares_g": "2.0 g",
      "proteinas_g": "5.7 g",
      "sal_g": "1.58 g"
    },
    "caracteristicas": {
      "nombre_operador": "Pescanova España S.L.U",
      "direccion_operador": "Rúa José Fernández López S/N 36320 Chapela-Redondela-Pontevedra-España",
      "denominacion_legal": "Formas de anillas rebozadas elaboradas a partir de piezas de pescado y potón del Pacífico. Precocinadas. Ultracongeladas.",
      "peso_neto": "400g"
    },
    "id": 89
  },
  {
    "url": "https://www.compraonline.alcampo.es/products/carbonel-sabor-aceite-de-oliva-intenso-botella-1-l/95169",
    "nombre": "CARBONEL SABOR  Aceite de oliva intenso botella 1 l.",
    "precio": "4,19 €",
    "unidad": "1000ml",
    "precio_por_unidad": "4,19 € por litro",
    "nutricion": {
      "valor_energetico_kj": "3700.0 Kj",
      "valor_energetico_kcal": "900.0 Kcal",
      "grasas_g": "100.0 g",
      "grasas_saturadas_g": "15.0 g",
      "hidratos_g": "0.0 g",
      "azucares_g": "0.0 g",
      "proteinas_g": "0.0 g",
      "sal_g": "0.0 g"
    },
    "caracteristicas": {
      "nombre_operador": "DEOLEO GLOBAL, S.A.U.",
      "direccion_operador": "Ctra. N.IV. Km.388-14610 Alcolea (Córdoba)",
      "denominacion_legal": "Aceite De Oliva-Contiene Aceites De Oliva Refinados Y Aceites De Olliva Virgenes",
      "formato": "Botella",
      "peso_neto": "1000ml",
      "signo_estimacion": "Si"
    },
    "id": 90
  },
  {
    "url": "https://www.compraonline.alcampo.es/products/alcampo-cultivamos-lo-bueno-payesito-4-uds-x-60-g/18429",
    "nombre": "ALCAMPO CULTIVAMOS LO BUENO Payesito 4 uds. x 60 g.",
    "precio": "1,25 €",
    "unidad": "240g",
    "precio_por_unidad": "5,21 € por kilogramo",
    "nutricion": {
      "valor_energetico_kj": "2074.0 Kj",
      "valor_energetico_kcal": "496.0 Kcal",
      "grasas_g": "26.2 g",
      "grasas_saturadas_g": "14.5 g",
      "hidratos_g": "38.6 g",
      "azucares_g": "38.6 g",
      "proteinas_g": "26.4 g",
      "sal_g": "0.86 g"
    },
    "id": 91
  },
  {
    "url": "https://www.compraonline.alcampo.es/products/alvalle-gazpacho-andaluz-elaborado-con-hortalizas-frescas-del-sur-900-ml/58132",
    "nombre": "ALVALLE Gazpacho andaluz elaborado con hortalizas frescas del sur 900 ml.",
    "precio": "2,84 €",
    "unidad": "900ml",
    "precio_por_unidad": "3,16 € por litro",
    "nutricion": {
      "valor_energetico_kj": "208.0 Kj",
      "valor_energetico_kcal": "50.0 Kcal",
      "grasas_g": "3.4 g",
      "grasas_saturadas_g": "0.5 g",
      "hidratos_g": "3.7 g",
      "azucares_g": "2.1 g",
      "proteinas_g": "0.8 g",
      "sal_g": "0.63 g"
    },
    "caracteristicas": {
      "nombre_operador": "PEPSICO FOODS AIE",
      "direccion_operador": "CALLE MARIE CURIE, 7 PLANTA 1, EDIFICIO 8 VITORIA-GASTEIZ, ALAVA",
      "denominacion_legal": "Gazpacho sin pepino",
      "peso_neto": "900g"
    },
    "id": 92
  },
  {
    "url": "https://www.compraonline.alcampo.es/products/soubry-fideos-de-huevo-chinos-soubry-250-g/13389",
    "nombre": "SOUBRY Fideos de huevo chinos SOUBRY 250 g.",
    "precio": "1,81 €",
    "unidad": "250g",
    "precio_por_unidad": "7,24 € por kilogramo",
    "nutricion": {
      "valor_energetico_kj": "1517.0 Kj",
      "valor_energetico_kcal": "358.0 Kcal",
      "grasas_g": "3.0 g",
      "grasas_saturadas_g": "0.7 g",
      "hidratos_g": "69.0 g",
      "azucares_g": "3.5 g",
      "proteinas_g": "12.5 g",
      "sal_g": "0.94 g"
    },
    "caracteristicas": {
      "nombre_operador": "Ofistrade S.A.",
      "direccion_operador": "C/Buenos Aires 38-40, entlo. C - 08036 Barcelona",
      "pais_origen": "Bélgica",
      "lugar_procedencia": "Bélgica",
      "denominacion_legal": "Fideo instantáneo huevo",
      "peso_neto": "250g",
      "cantidad_neta_disgregada": "250"
    },
    "id": 93
  },
  {
    "url": "https://www.compraonline.alcampo.es/products/mort-subite-xtreme-kriek-cerveza-combinada-de-cereza-botella-de-25-cl/37040",
    "nombre": "MORT SUBITE XTREME KRIEK  Cerveza combinada de cereza botella de 25 cl.",
    "precio": "2,49 €",
    "unidad": "250ml",
    "precio_por_unidad": "9,96 € por litro",
    "nutricion": {
      "valor_energetico_kj": "237.0 Kj",
      "valor_energetico_kcal": "56.0 Kcal",
      "grasas_g": "0.0 g",
      "grasas_saturadas_g": "0.0 g",
      "hidratos_g": "8.2 g",
      "azucares_g": "5.0 g",
      "proteinas_g": "0.4 g",
      "sal_g": "0.0 g"
    },
    "caracteristicas": {
      "formato": "Botella",
      "agrupacion": "Unidad"
    },
    "id": 94
  },
  {
    "url": "https://www.compraonline.alcampo.es/products/zanetti-mozzarella-b%C3%BAfala-italiana-zanetti-125-g/51721",
    "nombre": "ZANETTI Mozzarella búfala italiana ZANETTI 125 g.",
    "precio": "1,85 €",
    "unidad": "125g",
    "precio_por_unidad": "14,80 € por kilogramo",
    "nutricion": {
      "valor_energetico_kj": "1024.0 Kj",
      "valor_energetico_kcal": "247.0 Kcal",
      "grasas_g": "21.0 g",
      "grasas_saturadas_g": "13.6 g",
      "hidratos_g": "0.5 g",
      "azucares_g": "0.5 g",
      "proteinas_g": "14.0 g",
      "sal_g": "0.6 g"
    },
    "caracteristicas": {
      "nombre_operador": "TEODORO GARCIA, S.A.",
      "direccion_operador": "Av. Del Ferrocarril 4 Viladecans",
      "denominacion_legal": "QUESO FRESCO GRASO",
      "peso_neto": "125g"
    },
    "id": 95
  },
  {
    "url": "https://www.compraonline.alcampo.es/products/pompadour-manzanilla-con-an%C3%ADs-25-uds-35-g/18312",
    "nombre": "POMPADOUR Manzanilla con anís 25 uds 35 g.",
    "precio": "1,89 €",
    "precio_por_unidad": "25 por envase",
    "nutricion": {
      "valor_energetico_kj": "3.0 Kj",
      "valor_energetico_kcal": "1.0 Kcal",
      "grasas_g": "0.0 g",
      "grasas_saturadas_g": "0.0 g",
      "hidratos_g": "0.0 g",
      "azucares_g": "0.0 g",
      "proteinas_g": "0.0 g",
      "sal_g": "0.0 g"
    },
    "caracteristicas": {
      "nombre_operador": "POMPADOUR IBÉRICA, S.A",
      "direccion_operador": "CTRA. A MADRID KM 405, POL. IND. LAS ATALAYAS PARCELA 8A 03114 ALICANTE",
      "pais_origen": "España",
      "denominacion_legal": "Manzanilla con anís",
      "peso_neto": "33,75g",
      "numero_raciones": "veinticinco",
      "cantidad_neta_disgregada": "25X1.35 Gramos",
      "signo_estimacion": "Si"
    },
    "id": 96
  },
  {
    "url": "https://www.compraonline.alcampo.es/products/producto-alcampo-tortilla-durum-producto-alcampo-6-uds-378-g/207801",
    "nombre": "PRODUCTO ALCAMPO Tortilla Durum PRODUCTO ALCAMPO 6 uds, 378 g.",
    "precio": "1,65 €",
    "unidad": "378g",
    "precio_por_unidad": "4,37 € por kilogramo",
    "nutricion": {
      "valor_energetico_kj": "1332.0 Kj",
      "valor_energetico_kcal": "316.0 Kcal",
      "grasas_g": "7.4 g",
      "grasas_saturadas_g": "1.3 g",
      "hidratos_g": "53.0 g",
      "azucares_g": "1.5 g",
      "proteinas_g": "8.0 g",
      "sal_g": "1.1 g"
    },
    "caracteristicas": {
      "nombre_operador": "MISSION FOODS IBERIA S.A.U.",
      "direccion_operador": "Avenida de la Industria 1015, PG Antonio del Rincón, 45222 Borox (Toledo)",
      "pais_origen": "España",
      "lugar_procedencia": "España",
      "denominacion_legal": "Tortillas de harina de trigo",
      "peso_neto": "378g"
    },
    "id": 97
  },
  {
    "url": "https://www.compraonline.alcampo.es/products/producto-alcampo-brownies-sin-gluten-8-uds-240-g/210178",
    "nombre": "PRODUCTO ALCAMPO Brownies sin gluten 8 uds. 240 g.",
    "precio": "3,55 €",
    "unidad": "240g",
    "precio_por_unidad": "14,79 € por kilogramo",
    "nutricion": {
      "valor_energetico_kj": "1868.0 Kj",
      "valor_energetico_kcal": "447.0 Kcal",
      "grasas_g": "24.0 g",
      "grasas_saturadas_g": "5.6 g",
      "hidratos_g": "51.0 g",
      "azucares_g": "33.0 g",
      "proteinas_g": "4.9 g",
      "sal_g": "0.24 g"
    },
    "caracteristicas": {
      "nombre_operador": "AUCHAN SAS OIA",
      "direccion_operador": "200 rue de la recherche",
      "pais_origen": "Bélgica",
      "lugar_procedencia": ".",
      "denominacion_legal": "Brownies au chocolat sans gluten",
      "peso_neto": "0,24kg",
      "numero_raciones": "8"
    },
    "id": 98
  },
  {
    "url": "https://www.compraonline.alcampo.es/products/casa-mas-pastel-frio-de-at%C3%BAn-listo-para-comer-casa-mas-400-g/85666",
    "nombre": "CASA MAS Pastel frio de atún listo para comer CASA MAS 400 g.",
    "precio": "4,49 €",
    "unidad": "400g",
    "precio_por_unidad": "11,23 € por kilogramo",
    "nutricion": {
      "valor_energetico_kj": "1217.0 Kj",
      "valor_energetico_kcal": "291.0 Kcal",
      "grasas_g": "20.7 g",
      "grasas_saturadas_g": "2.9 g",
      "hidratos_g": "16.4 g",
      "azucares_g": "1.7 g",
      "proteinas_g": "9.7 g",
      "sal_g": "1.03 g"
    },
    "caracteristicas": {
      "nombre_operador": "Casa Mas Alimentación, S.L.",
      "direccion_operador": "Pol. Ind Plans de la Sala, C/Salvador Dalí, 9, 08650 Sallent (Barcelona)",
      "denominacion_legal": "Pastel Frío de Atún",
      "peso_neto": "400g"
    },
    "id": 99
  },
  {
    "url": "https://www.compraonline.alcampo.es/products/cu%C3%A9tara-galletas-napolitanas-con-un-toque-de-canela-426-g/790197",
    "nombre": "CUÉTARA Galletas Napolitanas con un toque de canela 426 g.",
    "precio": "2,65 €",
    "unidad": "426g",
    "precio_por_unidad": "6,22 € por kilogramo",
    "nutricion": {
      "valor_energetico_kj": "2023.0 Kj",
      "valor_energetico_kcal": "482.0 Kcal",
      "grasas_g": "20.0 g",
      "grasas_saturadas_g": "7.6 g",
      "hidratos_g": "69.0 g",
      "azucares_g": "25.0 g",
      "proteinas_g": "5.5 g",
      "sal_g": "1.0 g"
    },
    "caracteristicas": {
      "nombre_operador": "Cuétara S.L.U.",
      "direccion_operador": "Avda. Hermanos Gómez Cuétara núm. 1 28590-Villarejo de Salvanés",
      "pais_origen": "España",
      "denominacion_legal": "Galleta.",
      "peso_neto": "426g"
    },
    "id": 100
  },
  {
    "url": "https://www.compraonline.alcampo.es/products/mexifoods-tortillas-trigo-100-integrales-mexifoods-8-uds-320-g/233184",
    "nombre": "MEXIFOODS Tortillas trigo 100 % integrales MEXIFOODS 8 uds. 320 g.",
    "precio": "1,43 €",
    "unidad": "320g",
    "precio_por_unidad": "4,47 € por kilogramo",
    "nutricion": {
      "valor_energetico_kj": "1226.0 Kj",
      "valor_energetico_kcal": "292.0 Kcal",
      "grasas_g": "7.5 g",
      "grasas_saturadas_g": "1.4 g",
      "hidratos_g": "42.0 g",
      "azucares_g": "1.9 g",
      "proteinas_g": "9.7 g",
      "sal_g": "0.88 g"
    },
    "caracteristicas": {
      "nombre_operador": "MISSION FOODS IBERIA S.A.U.",
      "direccion_operador": "Avenida de la Industria 1015, PG Antonio del Rincón, 45222 Borox (Toledo)",
      "pais_origen": "España",
      "lugar_procedencia": "España",
      "denominacion_legal": "Tortillas de harina de trigo integral",
      "peso_neto": "320g",
      "signo_estimacion": "Si"
    },
    "id": 101
  },
  {
    "url": "https://www.compraonline.alcampo.es/products/rana-raviolis-de-pasta-fresca-al-huevo-rellenos-de-queso-de-cabra-y-cebolla-caramelizada-gourmet-250-g/85923",
    "nombre": "RANA Raviolis de pasta fresca al huevo, rellenos de queso de cabra y cebolla caramelizada gourmet 250 g.",
    "precio": "4,13 €",
    "unidad": "250g",
    "precio_por_unidad": "16,52 € por kilogramo",
    "nutricion": {
      "valor_energetico_kj": "987.0 Kj",
      "valor_energetico_kcal": "235.0 Kcal",
      "grasas_g": "8.0 g",
      "grasas_saturadas_g": "3.8 g",
      "hidratos_g": "27.0 g",
      "azucares_g": "4.6 g",
      "proteinas_g": "11.0 g",
      "sal_g": "1.1 g"
    },
    "caracteristicas": {
      "nombre_operador": "Rana Hispania sau",
      "direccion_operador": "Avda Hermanos Bou 31, 12003 Castellon de la plana",
      "pais_origen": "Italia",
      "denominacion_legal": "Pasta fresca al huevo rellena de queso de cabra y cebolla caramelizada",
      "peso_neto": "250g",
      "numero_raciones": "2",
      "signo_estimacion": "Si"
    },
    "id": 102
  },
  {
    "url": "https://www.compraonline.alcampo.es/products/maggi-fideos-orientales-noodles-cl%C3%A1sicos-121-g/528711",
    "nombre": "MAGGI Fideos orientales (noodles) clásicos 121 g.",
    "precio": "1,49 €",
    "unidad": "121g",
    "precio_por_unidad": "12,31 € por kilogramo",
    "nutricion": {
      "valor_energetico_kj": "1529.0 Kj",
      "valor_energetico_kcal": "361.0 Kcal",
      "grasas_g": "1.9 g",
      "grasas_saturadas_g": "0.4 g",
      "hidratos_g": "72.3 g",
      "azucares_g": "5.8 g",
      "proteinas_g": "11.2 g",
      "sal_g": "3.9 g"
    },
    "caracteristicas": {
      "nombre_operador": "Nestlé España, S.A.",
      "direccion_operador": "C/ Clara Campoamor, nº 2 08950 Esplugues de Llobregat (Barcelona)",
      "pais_origen": "Alemania",
      "denominacion_legal": "Noodles de trigo con hortalizas y especias",
      "peso_neto": "121g",
      "numero_raciones": "2 porciones",
      "cantidad_neta_disgregada": "121g",
      "signo_estimacion": "Si"
    },
    "id": 103
  },
  {
    "url": "https://www.compraonline.alcampo.es/products/rana-raviolis-de-pasta-fresca-al-huevo-rellenos-de-boletus-edulis-250-g/89370",
    "nombre": "RANA Raviolis de pasta fresca al huevo, rellenos de boletus edulis 250 g.",
    "precio": "2,99 €",
    "unidad": "250g",
    "precio_por_unidad": "11,96 € por kilogramo",
    "nutricion": {
      "valor_energetico_kj": "1107.0 Kj",
      "valor_energetico_kcal": "264.0 Kcal",
      "grasas_g": "11.0 g",
      "grasas_saturadas_g": "4.2 g",
      "hidratos_g": "29.0 g",
      "azucares_g": "5.3 g",
      "proteinas_g": "9.8 g",
      "sal_g": "1.0 g"
    },
    "caracteristicas": {
      "nombre_operador": "Rana Hispania sau",
      "direccion_operador": "Avda Hermanos Bou 31, 12003 Castellon de la plana",
      "pais_origen": "Italia",
      "denominacion_legal": "pasta fresca Ravioli setas boletus",
      "peso_neto": "250g",
      "numero_raciones": "2",
      "signo_estimacion": "Si"
    },
    "id": 104
  },
  {
    "url": "https://www.compraonline.alcampo.es/products/auchan-yogur-estilo-griego-con-lim%C3%B3n-4-x-125-g-producto-alcampo/497367",
    "nombre": "AUCHAN Yogur estilo griego con limón 4 x 125 g Producto Alcampo.",
    "precio": "1,12 €",
    "unidad": "500g",
    "precio_por_unidad": "2,24 € por kilogramo",
    "nutricion": {
      "valor_energetico_kj": "565.0 Kj",
      "valor_energetico_kcal": "135.0 Kcal",
      "grasas_g": "7.7 g",
      "grasas_saturadas_g": "5.0 g",
      "hidratos_g": "14.0 g",
      "azucares_g": "13.0 g",
      "proteinas_g": "2.9 g",
      "sal_g": "0.1 g"
    },
    "caracteristicas": {
      "nombre_operador": "Alcampo, S.A.",
      "direccion_operador": "c/ Santiago de Compostela, Sur s/n, 28029 Madrid",
      "pais_origen": "España",
      "lugar_procedencia": "España",
      "denominacion_legal": "Yogur azucarado con limón",
      "peso_neto": "500g",
      "signo_estimacion": "Si"
    },
    "id": 105
  },
  {
    "url": "https://www.compraonline.alcampo.es/products/la-molisana-penne-rigate-rayado-pasta-seca-500-g/523515",
    "nombre": "LA MOLISANA Penne rigate rayado (pasta seca) 500 g.",
    "precio": "1,89 €",
    "unidad": "500g",
    "precio_por_unidad": "3,78 € por kilogramo",
    "nutricion": {
      "valor_energetico_kj": "1498.0 Kj",
      "valor_energetico_kcal": "353.0 Kcal",
      "grasas_g": "1.0 g",
      "grasas_saturadas_g": "0.3 g",
      "hidratos_g": "70.0 g",
      "azucares_g": "4.0 g",
      "proteinas_g": "14.5 g",
      "sal_g": "0.02 g"
    },
    "caracteristicas": {
      "nombre_operador": "Delisur Europa",
      "direccion_operador": "C. de Ríos Rosas, 36 - 28003, Madrid",
      "denominacion_legal": "Penne rigate",
      "peso_neto": "500g"
    },
    "id": 106
  },
  {
    "url": "https://www.compraonline.alcampo.es/products/bonka-caf%C3%A9-molido-descafeinado-del-tr%C3%B3pico-400-g/798142",
    "nombre": "BONKA Café molido descafeinado del trópico  400 g.",
    "precio": "8,50 €",
    "unidad": "400g",
    "precio_por_unidad": "21,25 € por kilogramo",
    "nutricion": {
      "valor_energetico_kj": "966.0 Kj",
      "valor_energetico_kcal": "235.0 Kcal",
      "grasas_g": "11.7 g",
      "grasas_saturadas_g": "5.3 g",
      "hidratos_g": "0.1 g",
      "azucares_g": "0.1 g",
      "proteinas_g": "13.8 g",
      "sal_g": "0.01 g"
    },
    "caracteristicas": {
      "nombre_operador": "Nestlé España, S.A.",
      "direccion_operador": "NESTLÉ ESPAÑA, S.A. Edificio Nestlé - 08950 Esplugues de Llobregat (Barcelona).",
      "pais_origen": "España",
      "denominacion_legal": "Café molido de tueste natural descafeinado",
      "peso_neto": "400g",
      "cantidad_neta_disgregada": "400g",
      "signo_estimacion": "Si"
    },
    "id": 107
  },
  {
    "url": "https://www.compraonline.alcampo.es/products/hellmann-s-salsa-barbacoa-250-ml/435769",
    "nombre": "HELLMANN'S Salsa barbacoa 250 ml.",
    "precio": "1,70 €",
    "unidad": "250ml",
    "precio_por_unidad": "6,80 € por litro",
    "nutricion": {
      "valor_energetico_kj": "559.0 Kj",
      "valor_energetico_kcal": "133.0 Kcal",
      "grasas_g": "0.7 g",
      "grasas_saturadas_g": "0.1 g",
      "hidratos_g": "30.0 g",
      "azucares_g": "26.0 g",
      "proteinas_g": "0.7 g",
      "sal_g": "1.6 g"
    },
    "caracteristicas": {
      "nombre_operador": "Unilever España, S.A.",
      "direccion_operador": "C/ Tecnología 19, 08840 Viladecans (Barcelona)",
      "pais_origen": "España",
      "denominacion_legal": "Salsa barbacoa",
      "peso_neto": "285g",
      "numero_raciones": "19"
    },
    "id": 108
  },
  {
    "url": "https://www.compraonline.alcampo.es/products/vivesoy-de-pascual-bebida-vegetal-de-avena-sin-az%C3%BAcar-6-x-1-l/457174",
    "nombre": "VIVESOY de Pascual Bebida vegetal de avena, sin azúcar 6 x 1 l",
    "precio": "9,60 €",
    "unidad": "6000ml",
    "precio_por_unidad": "1,60 € por litro",
    "nutricion": {
      "valor_energetico_kj": "168.0 Kj",
      "valor_energetico_kcal": "40.0 Kcal",
      "grasas_g": "1.2 g",
      "grasas_saturadas_g": "0.2 g",
      "hidratos_g": "5.9 g",
      "azucares_g": "0.0 g",
      "proteinas_g": "0.9 g",
      "sal_g": "0.09 g"
    },
    "caracteristicas": {
      "nombre_operador": "Calidad Pascual, SAU.",
      "direccion_operador": "Ctra. De Palencia, s/n - 09400 Aranda de Duero (Burgos)",
      "pais_origen": "España",
      "lugar_procedencia": "España",
      "denominacion_legal": "Bebida de avena sin azúcares con calcio y vitaminas D, B12",
      "peso_neto": "6000ml",
      "numero_raciones": "6",
      "cantidad_neta_disgregada": "6X1000ml"
    },
    "id": 109
  },
  {
    "url": "https://www.compraonline.alcampo.es/products/blue-dragon-jugo-de-coco-blue-dragon-lata-de-400-ml/13184",
    "nombre": "BLUE DRAGON Jugo de coco BLUE DRAGON lata de 400 ml.",
    "precio": "2,90 €",
    "unidad": "400ml",
    "precio_por_unidad": "7,25 € por litro",
    "nutricion": {
      "valor_energetico_kj": "647.0 Kj",
      "valor_energetico_kcal": "154.0 Kcal",
      "grasas_g": "15.0 g",
      "grasas_saturadas_g": "13.2 g",
      "hidratos_g": "3.4 g",
      "azucares_g": "2.1 g",
      "proteinas_g": "1.4 g",
      "sal_g": "0.1 g"
    },
    "caracteristicas": {
      "nombre_operador": "Ofistrade S.A.",
      "direccion_operador": "C/Buenos Aires 38-40, entlo. C - 08036 Barcelona",
      "pais_origen": "Reino Unido",
      "lugar_procedencia": "Tailandia",
      "denominacion_legal": "Leche de coco",
      "peso_neto": "400ml",
      "numero_raciones": "8",
      "cantidad_neta_disgregada": "400",
      "signo_estimacion": "Si"
    },
    "id": 110
  },
  {
    "url": "https://www.compraonline.alcampo.es/products/calvo-mejillones-en-escabeche-69-g/18516",
    "nombre": "CALVO Mejillones en escabeche, 69 g",
    "precio": "3,72 €",
    "unidad": "69g",
    "precio_por_unidad": "53,91 € por kilogramo",
    "nutricion": {
      "valor_energetico_kj": "957.0 Kj",
      "valor_energetico_kcal": "231.0 Kcal",
      "grasas_g": "19.0 g",
      "grasas_saturadas_g": "2.0 g",
      "hidratos_g": "0.0 g",
      "azucares_g": "0.0 g",
      "proteinas_g": "13.0 g",
      "sal_g": "1.0 g"
    },
    "caracteristicas": {
      "nombre_operador": "Calvo Distribución Alimentaria SLU",
      "direccion_operador": "Ctra. Coruña-Finisterre. 15106 Carballo. La Coruña",
      "pais_origen": "España",
      "lugar_procedencia": "NO Aplica",
      "denominacion_legal": "Mejillones en escabeche de las Rías Gallegas. Tamaño mediano",
      "formato": "Lata",
      "peso_neto": "115g",
      "signo_estimacion": "Si"
    },
    "id": 111
  },
  {
    "url": "https://www.compraonline.alcampo.es/products/doritos-salsa-de-queso-cheedar-para-dipear-doritos-280-g/646889",
    "nombre": "DORITOS Salsa de queso cheedar para dipear DORITOS 280 g.",
    "precio": "2,84 €",
    "unidad": "280g",
    "precio_por_unidad": "10,14 € por kilogramo",
    "nutricion": {
      "valor_energetico_kj": "715.0 Kj",
      "valor_energetico_kcal": "173.0 Kcal",
      "grasas_g": "14.9 g",
      "grasas_saturadas_g": "3.1 g",
      "hidratos_g": "6.8 g",
      "azucares_g": "1.7 g",
      "proteinas_g": "2.3 g",
      "sal_g": "0.72 g"
    },
    "caracteristicas": {
      "nombre_operador": "PEPSICO FOODS AIE",
      "direccion_operador": "CALLE MARIE CURIE, 7 PLANTA 1, EDIFICIO 8 VITORIA-GASTEIZ, ALAVA",
      "denominacion_legal": "Salsa de queso cheddar y crema para dipear",
      "peso_neto": "280g"
    },
    "id": 112
  },
  {
    "url": "https://www.compraonline.alcampo.es/products/calv%C3%A9-mayonesa-sabor-casero-frasco-650-ml/417409",
    "nombre": "CALVÉ Mayonesa sabor casero frasco 650 ml.",
    "precio": "2,71 €",
    "unidad": "650ml",
    "precio_por_unidad": "4,17 € por litro",
    "nutricion": {
      "valor_energetico_kj": "1609.0 Kj",
      "valor_energetico_kcal": "391.0 Kcal",
      "grasas_g": "41.0 g",
      "grasas_saturadas_g": "4.9 g",
      "hidratos_g": "5.1 g",
      "azucares_g": "1.5 g",
      "proteinas_g": "0.5 g",
      "sal_g": "0.73 g"
    },
    "caracteristicas": {
      "nombre_operador": "Unilever España, S.A.",
      "direccion_operador": "C/ Tecnología 19, 08840 Viladecans (Barcelona)",
      "pais_origen": "España",
      "denominacion_legal": "Salsa fina",
      "peso_neto": "650ml",
      "numero_raciones": "43"
    },
    "id": 113
  },
  {
    "url": "https://www.compraonline.alcampo.es/products/win-blanco-verdejo-0-alcohol-botella-75-cl/438174",
    "nombre": "WIN Blanco Verdejo 0% alcohol botella 75 cl.",
    "precio": "6,99 €",
    "nutricion": {
      "valor_energetico_kj": "119.0 Kj",
      "valor_energetico_kcal": "29.0 Kcal",
      "grasas_g": "0.0 g",
      "grasas_saturadas_g": "0.0 g",
      "hidratos_g": "0.0 g",
      "azucares_g": "0.0 g",
      "proteinas_g": "0.0 g",
      "sal_g": "0.0 g"
    },
    "caracteristicas": {
      "nombre_operador": "Sinalcohol, S.L",
      "direccion_operador": "Ctra. San Bernardo S/N. Valbuena de Duero 47359 Valladolid",
      "denominacion_legal": "Bebida elaborada a partir de vino desalcoholizado"
    },
    "id": 114
  },
  {
    "url": "https://www.compraonline.alcampo.es/products/calvo-sardinas-en-aceite-de-girasol-84-g/21717",
    "nombre": "CALVO Sardinas en aceite de girasol 84 g.",
    "precio": "1,19 €",
    "unidad": "84g",
    "precio_por_unidad": "14,17 € por kilogramo",
    "nutricion": {
      "valor_energetico_kj": "1624.0 Kj",
      "valor_energetico_kcal": "389.0 Kcal",
      "grasas_g": "37.0 g",
      "grasas_saturadas_g": "5.0 g",
      "hidratos_g": "0.0 g",
      "azucares_g": "0.0 g",
      "proteinas_g": "15.0 g",
      "sal_g": "1.0 g"
    },
    "caracteristicas": {
      "nombre_operador": "Calvo Distribución Alimentaria SLU",
      "direccion_operador": "Ctra. Coruña-Finisterre. 15106 Carballo. La Coruña",
      "pais_origen": "Marruecos",
      "lugar_procedencia": "NO Aplica",
      "denominacion_legal": "Sardinas en aceite de girasol",
      "formato": "Lata",
      "peso_neto": "120g",
      "signo_estimacion": "Si"
    },
    "id": 115
  },
  {
    "url": "https://www.compraonline.alcampo.es/products/monster-energy-ultra-paradise-bebida-energ%C3%A9tica-sin-az%C3%BAcar-lata-de-500ml/649832",
    "nombre": "MONSTER Energy Ultra paradise Bebida energética sin azúcar lata de 500ml",
    "precio": "1,79 €",
    "unidad": "500ml",
    "precio_por_unidad": "3,58 € por litro",
    "nutricion": {
      "valor_energetico_kj": "12.0 Kj",
      "valor_energetico_kcal": "3.0 Kcal",
      "grasas_g": "0.0 g",
      "grasas_saturadas_g": "0.0 g",
      "hidratos_g": "0.9 g",
      "azucares_g": "0.0 g",
      "proteinas_g": "0.0 g",
      "sal_g": "0.16 g"
    },
    "caracteristicas": {
      "nombre_operador": "Monster Energy Limited",
      "direccion_operador": "South Bank House, Barrow Street, Dublin 4, Irlanda",
      "denominacion_legal": "Bebida energética carbonatada con taurina, ginseng, cafeína, L-carnitina y vitaminas del grupo B. Con edulcorantes.",
      "formato": "Lata",
      "peso_neto": "0,5l",
      "agrupacion": "Unidad",
      "capacidad": "50 cl.",
      "numero_raciones": "1"
    },
    "id": 116
  },
  {
    "url": "https://www.compraonline.alcampo.es/products/alcampo-ecol%C3%B3gico-copos-suaves-de-avena-integrales-ecol%C3%B3gicos-500-g/793505",
    "nombre": "ALCAMPO ECOLÓGICO Copos suaves de avena integrales ecológicos 500 g.",
    "precio": "1,69 €",
    "unidad": "500g",
    "precio_por_unidad": "3,38 € por kilogramo",
    "nutricion": {
      "valor_energetico_kj": "1506.0 Kj",
      "valor_energetico_kcal": "357.0 Kcal",
      "grasas_g": "5.0 g",
      "grasas_saturadas_g": "0.9 g",
      "hidratos_g": "59.9 g",
      "azucares_g": "1.5 g",
      "proteinas_g": "13.9 g",
      "sal_g": "0.01 g"
    },
    "caracteristicas": {
      "nombre_operador": "Alcampo, S.A.",
      "direccion_operador": "c/ Santiago de Compostela, Sur s/n, 28029 Madrid",
      "pais_origen": "España",
      "lugar_procedencia": "España",
      "denominacion_legal": "Copos suaves avena integral ecológicos",
      "peso_neto": "500g",
      "numero_raciones": "16"
    },
    "id": 117
  },
  {
    "url": "https://www.compraonline.alcampo.es/products/don-simon-n%C3%A9ctar-sin-az%C3%BAcar-a%C3%B1adido-tropical-botella-de-1-5-l/34016",
    "nombre": "DON SIMON Néctar sin azúcar añadido tropical botella de 1,5 l.",
    "precio": "1,50 €",
    "unidad": "1500ml",
    "precio_por_unidad": "1,00 € por litro",
    "nutricion": {
      "valor_energetico_kj": "99.0 Kj",
      "valor_energetico_kcal": "23.0 Kcal",
      "grasas_g": "0.0 g",
      "grasas_saturadas_g": "0.0 g",
      "hidratos_g": "5.7 g",
      "azucares_g": "4.2 g",
      "proteinas_g": "0.1 g",
      "sal_g": "0.01 g"
    },
    "caracteristicas": {
      "nombre_operador": "JGC S.A",
      "direccion_operador": "C/Jorge Juan, 73 28009 Madrid España",
      "pais_origen": "España",
      "denominacion_legal": "Bebida de zumo de frutas. Con edulcorante. Contenido de fruta: min 50%.",
      "formato": "Botella",
      "peso_neto": "1500ml",
      "sabor": "Multifrutas",
      "agrupacion": "Unidad",
      "signo_estimacion": "Si"
    },
    "id": 118
  },
  {
    "url": "https://www.compraonline.alcampo.es/products/sojasun-especialidad-de-soja-con-trocitos-de-cerezas-4-x-100-g/52588",
    "nombre": "SOJASUN Especialidad de soja con trocitos de cerezas  4 x 100 g.",
    "precio": "2,27 €",
    "unidad": "400g",
    "precio_por_unidad": "5,67 € por kilogramo",
    "nutricion": {
      "valor_energetico_kj": "347.0 Kj",
      "valor_energetico_kcal": "82.0 Kcal",
      "grasas_g": "2.1 g",
      "grasas_saturadas_g": "0.4 g",
      "hidratos_g": "12.0 g",
      "azucares_g": "11.5 g",
      "proteinas_g": "3.7 g",
      "sal_g": "0.06 g"
    },
    "caracteristicas": {
      "nombre_operador": "Triballat España, S.L.",
      "direccion_operador": "Calle Casas de Miravete, 24B. Edificio 3 Planta 3 Oficina 1. 28031 Madrid",
      "pais_origen": "Francia",
      "denominacion_legal": "Especialidad de soja fermentada azucarada de cereza",
      "peso_neto": "400g",
      "sabor": "Otros sabores",
      "cantidad_neta_disgregada": "4x100g",
      "signo_estimacion": "Si"
    },
    "id": 119
  },
  {
    "url": "https://www.compraonline.alcampo.es/products/calvo-at%C3%BAn-claro-al-natural-sin-aceite-lata-pack-de-3-uds-56-g/22136",
    "nombre": "CALVO Atún claro al natural sin aceite lata pack de 3 uds.56 g.",
    "precio": "3,28 €",
    "unidad": "168g",
    "precio_por_unidad": "19,52 € por kilogramo",
    "nutricion": {
      "valor_energetico_kj": "351.0 Kj",
      "valor_energetico_kcal": "84.0 Kcal",
      "grasas_g": "1.0 g",
      "grasas_saturadas_g": "0.0 g",
      "hidratos_g": "0.0 g",
      "azucares_g": "0.0 g",
      "proteinas_g": "20.0 g",
      "sal_g": "2.0 g"
    },
    "caracteristicas": {
      "nombre_operador": "Calvo Distribución Alimentaria SLU",
      "direccion_operador": "Ctra. Coruña-Finisterre. 15106 Carballo. La Coruña",
      "pais_origen": "España",
      "lugar_procedencia": "NO Aplica",
      "denominacion_legal": "Atún claro al natural",
      "formato": "Lata",
      "peso_neto": "240g",
      "numero_raciones": "3",
      "cantidad_neta_disgregada": "3x80gr",
      "signo_estimacion": "Si"
    },
    "id": 120
  },
  {
    "url": "https://www.compraonline.alcampo.es/products/tiger-khan-jugo-de-coco-light-tiger-khan-400-ml/63771",
    "nombre": "TIGER KHAN Jugo de coco light TIGER KHAN 400 ml.",
    "precio": "2,27 €",
    "unidad": "400ml",
    "precio_por_unidad": "5,68 € por litro",
    "nutricion": {
      "valor_energetico_kj": "236.0 Kj",
      "valor_energetico_kcal": "57.0 Kcal",
      "grasas_g": "6.0 g",
      "grasas_saturadas_g": "5.7 g",
      "hidratos_g": "0.0 g",
      "azucares_g": "0.0 g",
      "proteinas_g": "0.8 g",
      "sal_g": "0.01 g"
    },
    "caracteristicas": {
      "nombre_operador": "Frico dan s.a.",
      "direccion_operador": "Polígono Industrial San Luis C/Atenas 23 29006 Málaga",
      "pais_origen": "Sri Lanka",
      "denominacion_legal": "leche de coco light",
      "peso_neto": "400ml"
    },
    "id": 121
  },
  {
    "url": "https://www.compraonline.alcampo.es/products/ferrarini-jam%C3%B3n-cocido-a-la-trufa-cortado-en-lonchas-ferrarini-selecci%C3%B3n-gourmet-100-g/684401",
    "nombre": "FERRARINI Jamón cocido a la trufa cortado en lonchas FERRARINI Selección gourmet 100 g.",
    "precio": "3,51 €",
    "unidad": "100g",
    "precio_por_unidad": "35,10 € por kilogramo",
    "nutricion": {
      "valor_energetico_kj": "609.0 Kj",
      "valor_energetico_kcal": "145.0 Kcal",
      "grasas_g": "7.0 g",
      "grasas_saturadas_g": "2.7 g",
      "hidratos_g": "0.6 g",
      "azucares_g": "0.6 g",
      "proteinas_g": "20.0 g",
      "sal_g": "1.9 g"
    },
    "caracteristicas": {
      "nombre_operador": "Ferrarini España S.L",
      "direccion_operador": "Ronda de Buenavista, 55/ Centro comercial Modulo 3 1ª Planta Of. 11/ 45005 Toledo",
      "pais_origen": "Italia",
      "denominacion_legal": "Jamón cocido",
      "peso_neto": "100g",
      "signo_estimacion": "Si"
    },
    "id": 122
  },
  {
    "url": "https://www.compraonline.alcampo.es/products/ca%C3%B1a-nature-pulpa-de-aguacate-fresco-para-untar-ca%C3%B1a-nature-tarrina-de-150g/677968",
    "nombre": "CAÑA NATURE Pulpa de aguacate fresco para untar CAÑA NATURE Tarrina de 150g.",
    "precio": "1,89 €",
    "unidad": "150g",
    "precio_por_unidad": "12,60 € por kilogramo",
    "nutricion": {
      "valor_energetico_kj": "775.0 Kj",
      "valor_energetico_kcal": "188.0 Kcal",
      "grasas_g": "19.1 g",
      "grasas_saturadas_g": "3.5 g",
      "hidratos_g": "3.7 g",
      "azucares_g": "1.0 g",
      "proteinas_g": "1.8 g",
      "sal_g": "0.38 g"
    },
    "caracteristicas": {
      "nombre_operador": "Caña Nature S.L.U",
      "direccion_operador": "Avenida de Incar Nº33, 18130 Escúzar Granada",
      "pais_origen": "España",
      "denominacion_legal": "Aguacate para untar",
      "peso_neto": "150g",
      "numero_raciones": "3 raciones de 50g",
      "signo_estimacion": "Si"
    },
    "id": 123
  },
  {
    "url": "https://www.compraonline.alcampo.es/products/auchan-jamoncitos-de-pollo-6-uds-producto-alcampo/23807",
    "nombre": "AUCHAN Jamoncitos de pollo 6 uds. Producto Alcampo",
    "precio": "3,56 €",
    "unidad": "Rango de peso: 675g - 1125g",
    "precio_por_unidad": "3,95 € por kilogramo",
    "nutricion": {
      "valor_energetico_kj": "470.0 Kj",
      "valor_energetico_kcal": "112.0 Kcal",
      "grasas_g": "4.2 g",
      "grasas_saturadas_g": "1.3 g",
      "hidratos_g": "0.5 g",
      "azucares_g": "0.5 g",
      "proteinas_g": "19.0 g",
      "sal_g": "0.24 g"
    },
    "caracteristicas": {
      "nombre_operador": "UVE,S.A.",
      "direccion_operador": "Pol. Ind. Montes del Cierzo, A-68, Km 86 - 31500/TUDELA (NAVARRA)",
      "pais_origen": "España",
      "denominacion_legal": "Jamoncitos pollo 750-1000gr ATM",
      "peso_neto": "0,8kg"
    },
    "id": 124
  },
  {
    "url": "https://www.compraonline.alcampo.es/products/pepsi-zero-refresco-cola-zero-az%C3%BAcar-zero-cafe%C3%ADna-pack-9-latas-x-33-cl/798170",
    "nombre": "PEPSI ZERO Refresco cola zero azúcar, zero cafeína pack 9 latas x 33 cl.",
    "precio": "5,30 €",
    "unidad": "2970ml",
    "precio_por_unidad": "1,78 € por litro",
    "nutricion": {
      "valor_energetico_kj": "2.0 Kj",
      "valor_energetico_kcal": "0.6 Kcal",
      "grasas_g": "0.0 g",
      "grasas_saturadas_g": "0.0 g",
      "hidratos_g": "0.1 g",
      "azucares_g": "0.0 g",
      "proteinas_g": "0.1 g",
      "sal_g": "0.01 g"
    },
    "caracteristicas": {
      "nombre_operador": "COMPAÑIA DE BEBIDAS PEPSICO SL",
      "direccion_operador": "CALLE MARIE CURIE, 7 PLANTA 1, EDIFICIO 8 VITORIA-GASTEIZ, ALAVA",
      "denominacion_legal": "Bebida refrescante aromatizada con edulcorantes.",
      "peso_neto": "330g"
    },
    "id": 125
  },
  {
    "url": "https://www.compraonline.alcampo.es/products/ladr%C3%B3n-de-manzanas-cider-de-manzana-con-frutos-rojos-botella-25-cl/236734",
    "nombre": "LADRÓN DE MANZANAS Cider de manzana con frutos rojos botella 25 cl.",
    "precio": "1,19 €",
    "unidad": "250ml",
    "precio_por_unidad": "4,76 € por litro",
    "nutricion": {
      "valor_energetico_kj": "211.0 Kj",
      "valor_energetico_kcal": "50.0 Kcal",
      "grasas_g": "0.0 g",
      "grasas_saturadas_g": "0.0 g",
      "hidratos_g": "6.1 g",
      "azucares_g": "6.0 g",
      "proteinas_g": "0.0 g",
      "sal_g": "0.01 g"
    },
    "id": 126
  },
  {
    "url": "https://www.compraonline.alcampo.es/products/nestl%C3%A9-s%C3%A1ndwich-relleno-de-helado-de-nata-8-x-100-ml/68114",
    "nombre": "NESTLÉ Sándwich relleno de helado de nata 8 x 100 ml.",
    "precio": "3,75 €",
    "unidad": "600ml",
    "precio_por_unidad": "6,25 € por litro",
    "nutricion": {
      "valor_energetico_kj": "1100.0 Kj",
      "valor_energetico_kcal": "261.0 Kcal",
      "grasas_g": "8.3 g",
      "grasas_saturadas_g": "6.2 g",
      "hidratos_g": "43.0 g",
      "azucares_g": "23.0 g",
      "proteinas_g": "3.7 g",
      "sal_g": "0.4 g"
    },
    "caracteristicas": {
      "nombre_operador": "Froneri Iberia, S.L.",
      "direccion_operador": "Zona Industrial Araia C/Intxerdui, 5 01250 ARAIA (Álava) ESPAÑA",
      "denominacion_legal": "Helado sabor a nata con galletas (32,7%)",
      "peso_neto": "330g",
      "numero_raciones": "Contiene 6 unidades",
      "cantidad_neta_disgregada": "6x100ml, 6x55g",
      "signo_estimacion": "Si"
    },
    "id": 127
  },
  {
    "url": "https://www.compraonline.alcampo.es/products/pepsi-zero-refresco-cola-zero-sin-az%C3%BAcar-lata-33-cl/793173",
    "nombre": "PEPSI ZERO Refresco cola zero sin azúcar lata 33 cl.",
    "precio": "0,90 €",
    "unidad": "330ml",
    "precio_por_unidad": "2,73 € por litro",
    "nutricion": {
      "valor_energetico_kj": "2.0 Kj",
      "valor_energetico_kcal": "0.6 Kcal",
      "grasas_g": "0.0 g",
      "grasas_saturadas_g": "0.0 g",
      "hidratos_g": "0.1 g",
      "azucares_g": "0.0 g",
      "proteinas_g": "0.05 g",
      "sal_g": "0.01 g"
    },
    "caracteristicas": {
      "nombre_operador": "Compañía de Bebidas Pepsico S.L.",
      "direccion_operador": "Avda. de los Olmos, 2, 01013 - Vitoria",
      "denominacion_legal": "Bebida refrescante aromatizada con edulcorantes",
      "peso_neto": "330ml"
    },
    "id": 128
  },
  {
    "url": "https://www.compraonline.alcampo.es/products/producto-alcampo-pan-r%C3%BAstico-sin-gluten-producto-alcampo-300-g/982216",
    "nombre": "PRODUCTO ALCAMPO Pan rústico sin gluten PRODUCTO ALCAMPO 300 g.",
    "precio": "2,95 €",
    "unidad": "300g",
    "precio_por_unidad": "9,83 € por kilogramo",
    "nutricion": {
      "valor_energetico_kj": "1113.0 Kj",
      "valor_energetico_kcal": "269.0 Kcal",
      "grasas_g": "5.1 g",
      "grasas_saturadas_g": "0.6 g",
      "hidratos_g": "50.0 g",
      "azucares_g": "4.1 g",
      "proteinas_g": "2.7 g",
      "sal_g": "1.06 g"
    },
    "caracteristicas": {
      "nombre_operador": "Airos Delicatessen S.L",
      "direccion_operador": "Camí de Can Bros, 8-10. 08760 Martorell (Barcelona) Spain.",
      "pais_origen": "España",
      "denominacion_legal": "Pan especial sin gluten",
      "peso_neto": "300g"
    },
    "id": 129
  },
  {
    "url": "https://www.compraonline.alcampo.es/products/mccain-patatas-prefritas-y-ultracongeladas-especiales-para-hacer-sin-aceite-en-el-horno-forno-express-500-g/716722",
    "nombre": "McCAIN Patatas prefritas y ultracongeladas, especiales para hacer sin aceite en el horno Forno express 500 g.",
    "precio": "3,15 €",
    "unidad": "500g",
    "precio_por_unidad": "6,30 € por kilogramo",
    "nutricion": {
      "valor_energetico_kj": "861.0 Kj",
      "valor_energetico_kcal": "205.0 Kcal",
      "grasas_g": "7.0 g",
      "grasas_saturadas_g": "0.8 g",
      "hidratos_g": "31.0 g",
      "azucares_g": "0.5 g",
      "proteinas_g": "3.0 g",
      "sal_g": "0.4 g"
    },
    "caracteristicas": {
      "nombre_operador": "McCain Food Europe B.V.",
      "direccion_operador": "Oranjeplaatweg 4A, 4458 NM - Lewedorp - The Netherlands",
      "pais_origen": "Unión Europea",
      "denominacion_legal": "Patatas con un crujiente rebozado, prefritas y ultracongeladas.",
      "peso_neto": "500g",
      "signo_estimacion": "Si"
    },
    "id": 130
  },
  {
    "url": "https://www.compraonline.alcampo.es/products/old-el-paso-tacos-shells-aperitivos-fritos-de-ma%C3%ADz-old-el-paso-12-uds-156-g/569170",
    "nombre": "OLD EL PASO Tacos Shells, aperitivos fritos de maíz OLD EL PASO 12 uds. 156 g.",
    "precio": "3,28 €",
    "unidad": "156g",
    "precio_por_unidad": "21,03 € por kilogramo",
    "nutricion": {
      "valor_energetico_kj": "2126.0 Kj",
      "valor_energetico_kcal": "509.0 Kcal",
      "grasas_g": "27.0 g",
      "grasas_saturadas_g": "2.3 g",
      "hidratos_g": "59.2 g",
      "azucares_g": "1.0 g",
      "proteinas_g": "5.4 g",
      "sal_g": "0.05 g"
    },
    "caracteristicas": {
      "nombre_operador": "General Mills Ibérica S.A.U.",
      "direccion_operador": "Serrano Galvache 56, Edificio Álamo, 28033 Madrid, Spain.",
      "denominacion_legal": "Taco shells-Producto de aperitivo frito de maíz.",
      "peso_neto": "156g",
      "numero_raciones": "Contiene 12 porciones",
      "signo_estimacion": "Si"
    },
    "id": 131
  },
  {
    "url": "https://www.compraonline.alcampo.es/products/mexifoods-tortillas-de-trigo-mexifoods-wraps-6-uds-370-g/24884",
    "nombre": "MEXIFOODS Tortillas de trigo MEXIFOODS WRAPS 6 uds, 370 g.",
    "precio": "2,02 €",
    "unidad": "370g",
    "precio_por_unidad": "5,46 € por kilogramo",
    "nutricion": {
      "valor_energetico_kj": "1332.0 Kj",
      "valor_energetico_kcal": "316.0 Kcal",
      "grasas_g": "7.4 g",
      "grasas_saturadas_g": "1.3 g",
      "hidratos_g": "53.0 g",
      "azucares_g": "1.5 g",
      "proteinas_g": "8.0 g",
      "sal_g": "1.1 g"
    },
    "caracteristicas": {
      "nombre_operador": "MISSION FOODS IBERIA S.A.U.",
      "direccion_operador": "Avenida de la Industria 1015, PG Antonio del Rincón, 45222 Borox (Toledo)",
      "pais_origen": "España",
      "lugar_procedencia": "España",
      "denominacion_legal": "Tortillas de harina de trigo",
      "peso_neto": "370g",
      "signo_estimacion": "Si"
    },
    "id": 132
  },
  {
    "url": "https://www.compraonline.alcampo.es/products/risi-triskys-originales-115-g/799442",
    "nombre": "RISI Triskys originales 115 g.",
    "precio": "1,15 €",
    "unidad": "115g",
    "precio_por_unidad": "10,00 € por kilogramo",
    "nutricion": {
      "valor_energetico_kj": "2223.0 Kj",
      "valor_energetico_kcal": "530.0 Kcal",
      "grasas_g": "24.8 g",
      "grasas_saturadas_g": "2.5 g",
      "hidratos_g": "71.1 g",
      "azucares_g": "0.5 g",
      "proteinas_g": "5.7 g",
      "sal_g": "2.8 g"
    },
    "caracteristicas": {
      "nombre_operador": "Risi, S.A.",
      "direccion_operador": "C/ Severo Ochoa 2. 28814 Daganzo de Arriba (Madrid)",
      "pais_origen": "España",
      "denominacion_legal": "Producto de aperitivo frito",
      "peso_neto": "85g"
    },
    "id": 133
  },
  {
    "url": "https://www.compraonline.alcampo.es/products/taste-shukran-hummus-tradicional-elaborado-con-aceite-de-oliva-220-g/780890",
    "nombre": "TASTE SHUKRAN Hummus tradicional, elaborado con aceite de oliva 220 g.",
    "precio": "2,45 €",
    "unidad": "220g",
    "precio_por_unidad": "11,14 € por kilogramo",
    "nutricion": {
      "valor_energetico_kj": "804.0 Kj",
      "valor_energetico_kcal": "193.0 Kcal",
      "grasas_g": "12.0 g",
      "grasas_saturadas_g": "1.7 g",
      "hidratos_g": "10.0 g",
      "azucares_g": "0.5 g",
      "proteinas_g": "11.0 g",
      "sal_g": "1.2 g"
    },
    "caracteristicas": {
      "nombre_operador": "Soifa Alimentación, S.L",
      "direccion_operador": "C/ Calidad, 64 P.I. Los Olivos 28906 Getafe, Madrid.",
      "pais_origen": "España",
      "denominacion_legal": "Hummus Clásico",
      "peso_neto": "220g"
    },
    "id": 134
  },
  {
    "url": "https://www.compraonline.alcampo.es/products/producto-alcampo-snacks-de-aceitunas-y-or%C3%A9gano-con-aceite-de-oliva-sin-gluten-producto-alcampo-50-g/538654",
    "nombre": "PRODUCTO ALCAMPO Snacks de aceitunas y orégano con aceite de oliva, sin gluten PRODUCTO ALCAMPO 50 g.",
    "precio": "1,08 €",
    "unidad": "50g",
    "precio_por_unidad": "21,60 € por kilogramo",
    "nutricion": {
      "valor_energetico_kj": "1697.0 Kj",
      "valor_energetico_kcal": "401.0 Kcal",
      "grasas_g": "5.4 g",
      "grasas_saturadas_g": "0.8 g",
      "hidratos_g": "85.4 g",
      "azucares_g": "1.3 g",
      "proteinas_g": "1.3 g",
      "sal_g": "2.7 g"
    },
    "caracteristicas": {
      "nombre_operador": "TFT Food S.L",
      "direccion_operador": "TFT Food S.L",
      "pais_origen": "España",
      "lugar_procedencia": "Cadiz",
      "denominacion_legal": "Snack sabor queso sin gluten",
      "peso_neto": "50g"
    },
    "id": 135
  },
  {
    "url": "https://www.compraonline.alcampo.es/products/alcampo-gourmet-mezzelune-de-pasta-fresca-la-huevo-rellenos-de-calabaza-mascarpone-y-salvia-alcampo-gourmet-250-g/425430",
    "nombre": "ALCAMPO GOURMET Mezzelune de pasta fresca la huevo, rellenos de calabaza, mascarpone y salvia ALCAMPO GOURMET 250 g.",
    "precio": "2,34 €",
    "unidad": "250g",
    "precio_por_unidad": "9,36 € por kilogramo",
    "nutricion": {
      "valor_energetico_kj": "919.0 Kj",
      "valor_energetico_kcal": "218.0 Kcal",
      "grasas_g": "5.2 g",
      "grasas_saturadas_g": "1.8 g",
      "hidratos_g": "34.0 g",
      "azucares_g": "6.0 g",
      "proteinas_g": "7.4 g",
      "sal_g": "0.57 g"
    },
    "caracteristicas": {
      "nombre_operador": "Alcampo S.A. Dpto. de Calidad.",
      "direccion_operador": "C/ Santiago de Compostela Sur, s/n 28029 Madrid.",
      "pais_origen": "Italia",
      "denominacion_legal": "Pasta alimenticia fresca al huevo rellena de calabaza, queso mascarpone y salvia.",
      "peso_neto": "250g",
      "numero_raciones": "Este envase contiene 2 porciones de 125g.",
      "signo_estimacion": "Si"
    },
    "id": 136
  },
  {
    "url": "https://www.compraonline.alcampo.es/products/pepsi-zero-refresco-de-cola-zero-sin-az%C3%BAcar-pack-2-botellas-de-1-75-l/888743",
    "nombre": "PEPSI ZERO Refresco de cola zero sin azúcar pack 2 botellas de 1,75 l.",
    "precio": "2,80 €",
    "unidad": "3500ml",
    "precio_por_unidad": "0,80 € por litro",
    "nutricion": {
      "valor_energetico_kj": "2.0 Kj",
      "valor_energetico_kcal": "0.6 Kcal",
      "grasas_g": "0.0 g",
      "grasas_saturadas_g": "0.0 g",
      "hidratos_g": "0.1 g",
      "azucares_g": "0.0 g",
      "proteinas_g": "0.0 g",
      "sal_g": "0.01 g"
    },
    "caracteristicas": {
      "nombre_operador": "COMPAÑIA DE BEBIDAS PEPSICO SL",
      "direccion_operador": "CALLE MARIE CURIE, 7 PLANTA 1, EDIFICIO 8 VITORIA-GASTEIZ, ALAVA",
      "denominacion_legal": "Bebida refrescante aromatizada con edulcorantes",
      "formato": "Botella",
      "peso_neto": "1750g",
      "sabor": "Cola",
      "agrupacion": "Pack de 2",
      "capacidad": "De 1 a 2.5 l"
    },
    "id": 137
  },
  {
    "url": "https://www.compraonline.alcampo.es/products/puleva-batido-de-chocolate-sin-colorantes-ni-conservantes-ni-az%C3%BAcares-a%C3%B1adidos-puleva-zero-6-x-200-ml/479440",
    "nombre": "PULEVA Batido de chocolate sin colorantes ni conservantes ni azúcares añadidos PULEVA Zero 6 x 200 ml.",
    "precio": "2,39 €",
    "unidad": "1200ml",
    "precio_por_unidad": "1,99 € por litro",
    "nutricion": {
      "valor_energetico_kj": "184.0 Kj",
      "valor_energetico_kcal": "44.0 Kcal",
      "grasas_g": "1.3 g",
      "grasas_saturadas_g": "0.8 g",
      "hidratos_g": "4.7 g",
      "azucares_g": "4.7 g",
      "proteinas_g": "3.3 g",
      "sal_g": "0.18 g"
    },
    "caracteristicas": {
      "nombre_operador": "Lactalis Puleva, S.L.",
      "direccion_operador": "Camino de Purchil, 66 - 18004 Granada",
      "denominacion_legal": "Batido de Chocolate con edulcorantes. UHT.",
      "peso_neto": "1,2l",
      "sabor": "Chocolate",
      "numero_raciones": "6"
    },
    "id": 138
  },
  {
    "url": "https://www.compraonline.alcampo.es/products/pr%C3%A9sident-queso-de-pasta-blanda-pr%C3%A9sident-snack-180-g/97094",
    "nombre": "PRÉSIDENT Queso de pasta blanda PRÉSIDENT SNACK 180 g.",
    "precio": "3,32 €",
    "unidad": "180g",
    "precio_por_unidad": "18,44 € por kilogramo",
    "nutricion": {
      "valor_energetico_kj": "1342.0 Kj",
      "valor_energetico_kcal": "324.0 Kcal",
      "grasas_g": "28.0 g",
      "grasas_saturadas_g": "20.0 g",
      "hidratos_g": "0.5 g",
      "azucares_g": "0.5 g",
      "proteinas_g": "18.0 g",
      "sal_g": "1.3 g"
    },
    "caracteristicas": {
      "nombre_operador": "Lactalis Forlasa S.L.U.",
      "direccion_operador": "Avda. Reyes Católicos. 135. 02600 Villarrobledo",
      "pais_origen": "Francia",
      "lugar_procedencia": "Francia",
      "denominacion_legal": "Queso de pasta blanda de leche pasteurizada de vaca",
      "peso_neto": "180g"
    },
    "id": 139
  },
  {
    "url": "https://www.compraonline.alcampo.es/products/producto-alcampo-pipe-rigate-tavola-in-italia/946139",
    "nombre": "PRODUCTO ALCAMPO  Pipe rigate Tavola in Italia",
    "precio": "0,97 €",
    "unidad": "500g",
    "precio_por_unidad": "1,94 € por kilogramo",
    "nutricion": {
      "valor_energetico_kj": "1476.0 Kj",
      "valor_energetico_kcal": "348.0 Kcal",
      "grasas_g": "1.1 g",
      "grasas_saturadas_g": "0.1 g",
      "hidratos_g": "71.0 g",
      "azucares_g": "3.5 g",
      "proteinas_g": "12.0 g",
      "sal_g": "0.01 g"
    },
    "id": 140
  },
  {
    "url": "https://www.compraonline.alcampo.es/products/alcampo-gourmet-salchichas-alemanas-de-cerdo-cocidas-y-ahumadas-tipo-bockwurst-alcampo-gourmet-4-x-90-g/54140",
    "nombre": "ALCAMPO GOURMET Salchichas alemanas de cerdo, cocidas y ahumadas, tipo Bockwurst ALCAMPO GOURMET 4 x 90 g.",
    "precio": "4,65 €",
    "unidad": "360g",
    "precio_por_unidad": "12,92 € por kilogramo",
    "nutricion": {
      "valor_energetico_kj": "1138.0 Kj",
      "valor_energetico_kcal": "275.0 Kcal",
      "grasas_g": "24.7 g",
      "grasas_saturadas_g": "9.5 g",
      "hidratos_g": "1.0 g",
      "azucares_g": "1.0 g",
      "proteinas_g": "12.0 g",
      "sal_g": "1.8 g"
    },
    "caracteristicas": {
      "nombre_operador": "Fabricado en Alemania para Auchan Retail España, S.L.",
      "direccion_operador": "PLN Distribución, Auchan Retail España, S.L.: Departamento de Calidad c/ Santiago de Compostela Sur, s/n 28029 Madrid Email: d.calidad@alcampo.es www.alcampo.es",
      "pais_origen": "Alemania",
      "lugar_procedencia": "Alemania",
      "denominacion_legal": "Salchicha cocida sabor ahumado",
      "peso_neto": "360g",
      "numero_raciones": "Este envase contiene 4 porciones de 90g.",
      "cantidad_neta_disgregada": "4x90g",
      "signo_estimacion": "Si"
    },
    "id": 141
  },
  {
    "url": "https://www.compraonline.alcampo.es/products/barra-de-pan-serrana-260-g/59032",
    "nombre": "Barra de pan serrana 260 g.",
    "precio": "1,47 €",
    "unidad": "260g",
    "precio_por_unidad": "5,65 € por kilogramo",
    "nutricion": {
      "valor_energetico_kj": "1131.0 Kj",
      "valor_energetico_kcal": "267.0 Kcal",
      "grasas_g": "1.3 g",
      "grasas_saturadas_g": "0.3 g",
      "hidratos_g": "54.0 g",
      "azucares_g": "2.4 g",
      "proteinas_g": "8.4 g",
      "sal_g": "1.0 g"
    },
    "caracteristicas": {
      "nombre_operador": "PANAMAR BAKERY GROUP, S.L.",
      "direccion_operador": "C/La Noria, 3 Pol.Ind. Mediterráneo Albuixech (Valencia)",
      "pais_origen": "España",
      "lugar_procedencia": "ESPAÑA",
      "denominacion_legal": "BARRA GRANADA",
      "peso_neto": "260g"
    },
    "id": 142
  },
  {
    "url": "https://www.compraonline.alcampo.es/products/alcampo-ecol%C3%B3gico-snack-de-garbanzos-ecol%C3%B3gico-alcampo-ecologico-60-g/677327",
    "nombre": "ALCAMPO ECOLÓGICO Snack de garbanzos ecológico ALCAMPO ECOLOGICO 60 g.",
    "precio": "2,15 €",
    "unidad": "60g",
    "precio_por_unidad": "35,83 € por kilogramo",
    "nutricion": {
      "valor_energetico_kj": "2083.0 Kj",
      "valor_energetico_kcal": "498.0 Kcal",
      "grasas_g": "26.0 g",
      "grasas_saturadas_g": "2.0 g",
      "hidratos_g": "55.0 g",
      "azucares_g": "1.4 g",
      "proteinas_g": "8.9 g",
      "sal_g": "2.1 g"
    },
    "caracteristicas": {
      "nombre_operador": "AUCHAN SAS OIA",
      "direccion_operador": "200 rue de la recherche",
      "pais_origen": "Francia",
      "lugar_procedencia": ".",
      "denominacion_legal": "Produits frits à base de farine de pois chiches, issus de l'agriculture biologique",
      "peso_neto": "0,06kg",
      "numero_raciones": "3"
    },
    "id": 143
  },
  {
    "url": "https://www.compraonline.alcampo.es/products/illy-caf%C3%A9-en-c%C3%A1psulas-espresso-forte-i9-10-uds/714100",
    "nombre": "ILLY Café en cápsulas espresso Forte I9, 10 uds.",
    "precio": "5,18 €",
    "unidad": "57g",
    "precio_por_unidad": "90,88 € por kilogramo",
    "nutricion": {
      "valor_energetico_kj": "16.0 Kj",
      "valor_energetico_kcal": "4.0 Kcal",
      "grasas_g": "0.06 g",
      "grasas_saturadas_g": "0.02 g",
      "hidratos_g": "0.5 g",
      "azucares_g": "0.01 g",
      "proteinas_g": "0.2 g",
      "sal_g": "0.2 g"
    },
    "caracteristicas": {
      "nombre_operador": "Illycaffè Spa Sucursal En España",
      "direccion_operador": "Plaça d’Ernest Lluch i Martin 5 1ª Planta CP 08019 Barcelona- España",
      "pais_origen": "Italia",
      "denominacion_legal": "Café capsulas forte",
      "peso_neto": "57g"
    },
    "id": 144
  },
  {
    "url": "https://www.compraonline.alcampo.es/products/italpizza-pizza-congelada-de-at%C3%BAn-y-cebolla-morada-435-g/951226",
    "nombre": "ITALPIZZA Pizza congelada de atún y cebolla morada 435 g..",
    "precio": "3,15 €",
    "unidad": "435g",
    "precio_por_unidad": "7,24 € por kilogramo",
    "nutricion": {
      "valor_energetico_kj": "869.0 Kj",
      "valor_energetico_kcal": "207.0 Kcal",
      "grasas_g": "7.6 g",
      "grasas_saturadas_g": "2.7 g",
      "hidratos_g": "24.0 g",
      "azucares_g": "1.1 g",
      "proteinas_g": "10.0 g",
      "sal_g": "1.0 g"
    },
    "caracteristicas": {
      "nombre_operador": "Italpizza",
      "direccion_operador": "Str. Gherbella 454/A 41126 Módena - Italia",
      "pais_origen": "Italia",
      "denominacion_legal": "Pizza Atún y Cebolla",
      "peso_neto": "435g"
    },
    "id": 145
  },
  {
    "url": "https://www.compraonline.alcampo.es/products/illy-caf%C3%A9-molido-descafeinado-250-g/23948",
    "nombre": "ILLY Café molido descafeinado 250 g.",
    "precio": "8,88 €",
    "unidad": "250g",
    "precio_por_unidad": "35,52 € por kilogramo",
    "nutricion": {
      "valor_energetico_kj": "16.0 Kj",
      "valor_energetico_kcal": "4.0 Kcal",
      "grasas_g": "0.06 g",
      "grasas_saturadas_g": "0.02 g",
      "hidratos_g": "0.5 g",
      "azucares_g": "0.01 g",
      "proteinas_g": "0.2 g",
      "sal_g": "0.2 g"
    },
    "caracteristicas": {
      "nombre_operador": "Illycaffè Spa Sucursal En España",
      "direccion_operador": "Plaça d’Ernest Lluch i Martin 5 1ª Planta CP 08019 Barcelona- España",
      "pais_origen": "Italia",
      "denominacion_legal": "Café molido descafeinado",
      "peso_neto": "250g"
    },
    "id": 146
  },
  {
    "url": "https://www.compraonline.alcampo.es/products/arla-batido-chocolate-bajo-en-az%C3%BAcar-y-con-alto-contenido-en-prote%C3%ADnas-470-ml/91783",
    "nombre": "ARLA Batido chocolate bajo en azúcar y con alto contenido en proteínas 470 ml.",
    "precio": "2,15 €",
    "unidad": "500ml",
    "precio_por_unidad": "4,30 € por litro",
    "nutricion": {
      "valor_energetico_kj": "201.0 Kj",
      "valor_energetico_kcal": "47.0 Kcal",
      "grasas_g": "0.6 g",
      "grasas_saturadas_g": "0.4 g",
      "hidratos_g": "4.8 g",
      "azucares_g": "4.6 g",
      "proteinas_g": "5.5 g",
      "sal_g": "0.17 g"
    },
    "caracteristicas": {
      "nombre_operador": "Arla Foods",
      "direccion_operador": "C/José Echegaray, 8, Edificio III, bajo, oficina 2, 28232 Las Rozas, Madrid, España,",
      "denominacion_legal": "Bebida de chocolate con leche UHT",
      "peso_neto": "500g",
      "sabor": "Chocolate"
    },
    "id": 147
  },
  {
    "url": "https://www.compraonline.alcampo.es/products/go-tan-salsa-de-chili-picante-sriracha-go-tan-215-ml/886977",
    "nombre": "GO-TAN Salsa de chili picante sriracha GO-TAN 215 ml.",
    "precio": "2,69 €",
    "unidad": "215ml",
    "precio_por_unidad": "12,51 € por litro",
    "nutricion": {
      "valor_energetico_kj": "375.0 Kj",
      "valor_energetico_kcal": "89.0 Kcal",
      "grasas_g": "1.0 g",
      "grasas_saturadas_g": "0.3 g",
      "hidratos_g": "15.9 g",
      "azucares_g": "14.0 g",
      "proteinas_g": "3.1 g",
      "sal_g": "9.1 g"
    },
    "caracteristicas": {
      "nombre_operador": "Ofistrade S.A.",
      "direccion_operador": "C/Buenos Aires 38-40, entlo. C - 08036 Barcelona",
      "pais_origen": "Países Bajos",
      "lugar_procedencia": "Holanda",
      "denominacion_legal": "Salsa sriracha",
      "peso_neto": "215ml",
      "cantidad_neta_disgregada": "215",
      "signo_estimacion": "Si"
    },
    "id": 148
  },
  {
    "url": "https://www.compraonline.alcampo.es/products/quaker-cereales-muesli-con-frutas-cruesli-375-g/626519",
    "nombre": "QUAKER Cereales muesli con frutas Cruesli 375 g.",
    "precio": "5,12 €",
    "unidad": "375g",
    "precio_por_unidad": "13,65 € por kilogramo",
    "nutricion": {
      "valor_energetico_kj": "1823.0 Kj",
      "valor_energetico_kcal": "440.0 Kcal",
      "grasas_g": "14.8 g",
      "grasas_saturadas_g": "4.1 g",
      "hidratos_g": "62.9 g",
      "azucares_g": "18.9 g",
      "proteinas_g": "6.3 g",
      "sal_g": "0.03 g"
    },
    "caracteristicas": {
      "nombre_operador": "PEPSICO FOODS AIE",
      "direccion_operador": "CALLE MARIE CURIE, 7 PLANTA 1, EDIFICIO 8 VITORIA-GASTEIZ, ALAVA",
      "denominacion_legal": "Copos de cereales crujientes con mezcla de frutas secas",
      "peso_neto": "375g"
    },
    "id": 149
  },
  {
    "url": "https://www.compraonline.alcampo.es/products/alhambra-especial-cerveza-pack-12-uds-x-33-cl/22193",
    "nombre": "ALHAMBRA ESPECIAL Cerveza pack 12 uds. x 33 cl.",
    "precio": "6,99 €",
    "unidad": "3960ml",
    "precio_por_unidad": "1,77 € por litro",
    "nutricion": {
      "valor_energetico_kj": "206.0 Kj",
      "valor_energetico_kcal": "49.0 Kcal",
      "grasas_g": "0.0 g",
      "grasas_saturadas_g": "0.0 g",
      "hidratos_g": "4.15 g",
      "azucares_g": "0.3 g",
      "proteinas_g": "0.3 g",
      "sal_g": "0.0 g"
    },
    "caracteristicas": {
      "nombre_operador": "MAHOU, S.A.",
      "direccion_operador": "Calle Titán, 15  28045  Madrid",
      "pais_origen": "España",
      "denominacion_legal": "CERVEZA ESPECIAL",
      "formato": "Lata",
      "peso_neto": "3,96l",
      "agrupacion": "Pack de 12",
      "signo_estimacion": "Si"
    },
    "id": 150
  },
  {
    "url": "https://www.compraonline.alcampo.es/products/sos-especial-para-fideu%C3%A1-n%C2%BA3-500-g/941416",
    "nombre": "SOS Especial para Fideuá nº3, 500 g.",
    "precio": "1,00 €",
    "unidad": "500g",
    "precio_por_unidad": "2,00 € por kilogramo",
    "nutricion": {
      "valor_energetico_kj": "1489.0 Kj",
      "valor_energetico_kcal": "351.0 Kcal",
      "grasas_g": "1.0 g",
      "grasas_saturadas_g": "0.0 g",
      "hidratos_g": "34.0 g",
      "azucares_g": "6.0 g",
      "proteinas_g": "10.0 g",
      "sal_g": "1.0 g"
    },
    "caracteristicas": {
      "nombre_operador": "Herba Ricemills. S.L.U.",
      "direccion_operador": "C/ Real. 43 - 41920 San Juan de Aznalfarache (Sevilla)",
      "denominacion_legal": "Pasta de semola de trigo duro",
      "peso_neto": "500g",
      "signo_estimacion": "Si"
    },
    "id": 151
  },
  {
    "url": "https://www.compraonline.alcampo.es/products/alvalle-salmorejo-elaborado-con-ingredientes-100-naturales-y-aceite-de-oliva-virgen-extra-alvalle-1-l/83148",
    "nombre": "ALVALLE Salmorejo elaborado con ingredientes 100% naturales y aceite de oliva virgen extra ALVALLE 1 l.",
    "precio": "3,78 €",
    "unidad": "1000ml",
    "precio_por_unidad": "3,78 € por litro",
    "nutricion": {
      "valor_energetico_kj": "311.0 Kj",
      "valor_energetico_kcal": "75.0 Kcal",
      "grasas_g": "4.9 g",
      "grasas_saturadas_g": "0.7 g",
      "hidratos_g": "6.0 g",
      "azucares_g": "2.8 g",
      "proteinas_g": "1.1 g",
      "sal_g": "0.63 g"
    },
    "caracteristicas": {
      "nombre_operador": "PEPSICO FOODS AIE",
      "direccion_operador": "CALLE MARIE CURIE, 7 PLANTA 1, EDIFICIO 8 VITORIA-GASTEIZ, ALAVA",
      "denominacion_legal": "Salmorejo",
      "peso_neto": "1g"
    },
    "id": 152
  },
  {
    "url": "https://www.compraonline.alcampo.es/products/dolce-gusto-caf%C3%A9en-c%C3%A1psulas-lungo-i6-16-uds/12383",
    "nombre": "DOLCE GUSTO Caféen cápsulas lungo I6,16 uds.",
    "precio": "4,93 €",
    "unidad": "104g",
    "precio_por_unidad": "47,40 € por kilogramo",
    "nutricion": {
      "valor_energetico_kj": "0.0 Kj",
      "valor_energetico_kcal": "0.0 Kcal",
      "grasas_g": "0.0 g",
      "grasas_saturadas_g": "0.0 g",
      "hidratos_g": "0.0 g",
      "azucares_g": "0.0 g",
      "proteinas_g": "0.0 g",
      "sal_g": "0.0 g"
    },
    "caracteristicas": {
      "nombre_operador": "Nestlé España, S.A",
      "direccion_operador": "C/ Clara Campoamor, 2 08950 Esplugues de Llobregat (Barcelona)",
      "pais_origen": "España",
      "denominacion_legal": "Café molido de tueste natural",
      "peso_neto": "89,6g",
      "signo_estimacion": "Si"
    },
    "id": 153
  },
  {
    "url": "https://www.compraonline.alcampo.es/products/tiger-khan-salsa-soja-baja-en-sal-tiger-khan-150-ml/610198",
    "nombre": "TIGER KHAN Salsa soja, baja en sal TIGER KHAN 150 ml",
    "precio": "2,23 €",
    "unidad": "150ml",
    "precio_por_unidad": "14,87 € por litro",
    "nutricion": {
      "valor_energetico_kj": "107.0 Kj",
      "valor_energetico_kcal": "25.0 Kcal",
      "grasas_g": "0.0 g",
      "grasas_saturadas_g": "0.0 g",
      "hidratos_g": "4.1 g",
      "azucares_g": "2.5 g",
      "proteinas_g": "2.2 g",
      "sal_g": "12.0 g"
    },
    "caracteristicas": {
      "nombre_operador": "Frico dan s.a.",
      "direccion_operador": "Polígono Industrial San Luis C/Atenas 23 29006 Málaga",
      "pais_origen": "República Popular de China",
      "denominacion_legal": "Salsa soja baja sal sin gluten",
      "peso_neto": "150ml"
    },
    "id": 154
  },
  {
    "url": "https://www.compraonline.alcampo.es/products/auchan-leche-fermentada-proteico-natural-con-0-materia-grasa-4-x-125-g-producto-alcampo/498725",
    "nombre": "AUCHAN Leche fermentada proteico natural con 0% materia grasa 4 x 125 g Producto Alcampo.",
    "precio": "1,45 €",
    "unidad": "500g",
    "precio_por_unidad": "2,90 € por kilogramo",
    "nutricion": {
      "valor_energetico_kj": "194.0 Kj",
      "valor_energetico_kcal": "46.0 Kcal",
      "grasas_g": "0.1 g",
      "grasas_saturadas_g": "0.1 g",
      "hidratos_g": "3.2 g",
      "azucares_g": "3.2 g",
      "proteinas_g": "8.0 g",
      "sal_g": "0.1 g"
    },
    "caracteristicas": {
      "nombre_operador": "Alcampo, S.A.",
      "direccion_operador": "c/ Santiago de Compostela, Sur s/n, 28029 Madrid",
      "pais_origen": "España",
      "lugar_procedencia": "España",
      "denominacion_legal": "Leche fermentada natural desnatada",
      "peso_neto": "500g",
      "signo_estimacion": "Si"
    },
    "id": 155
  },
  {
    "url": "https://www.compraonline.alcampo.es/products/el-pozo-1954-jam%C3%B3n-curado-cruce-duroc-cortado-en-finas-lonchas-80-g/54063",
    "nombre": "EL POZO 1954 Jamón curado cruce Duroc cortado en finas lonchas 80 g.",
    "precio": "1,25 €",
    "unidad": "80g",
    "precio_por_unidad": "15,62 € por kilogramo",
    "nutricion": {
      "valor_energetico_kj": "972.0 Kj",
      "valor_energetico_kcal": "232.0 Kcal",
      "grasas_g": "12.5 g",
      "grasas_saturadas_g": "4.6 g",
      "hidratos_g": "0.0 g",
      "azucares_g": "0.0 g",
      "proteinas_g": "30.0 g",
      "sal_g": "5.0 g"
    },
    "caracteristicas": {
      "nombre_operador": "ELPOZO ALIMENTACIÓN S.A.",
      "direccion_operador": "Avda. Antonio Fuertes, 1 30840 Alhama De Murcia (Murcia)",
      "lugar_procedencia": "Región de Murcia - ESPAÑA",
      "denominacion_legal": "JAMÓN CURADO.",
      "peso_neto": "80g"
    },
    "id": 156
  },
  {
    "url": "https://www.compraonline.alcampo.es/products/birra-moretti-cerveza-italiana-rubia-botella-33-cl/438878",
    "nombre": "BIRRA MORETTI Cerveza italiana rubia botella 33 cl.",
    "precio": "1,45 €",
    "unidad": "330ml",
    "precio_por_unidad": "4,39 € por litro",
    "nutricion": {
      "valor_energetico_kj": "176.0 Kj",
      "valor_energetico_kcal": "42.0 Kcal",
      "grasas_g": "0.0 g",
      "grasas_saturadas_g": "0.0 g",
      "hidratos_g": "3.0 g",
      "azucares_g": "3.0 g",
      "proteinas_g": "0.5 g",
      "sal_g": "0.0 g"
    },
    "caracteristicas": {
      "formato": "Botella",
      "agrupacion": "Unidad"
    },
    "id": 157
  },
  {
    "url": "https://www.compraonline.alcampo.es/products/auchan-queso-havarti-igp-en-lonchas-200g/496854",
    "nombre": "AUCHAN Queso Havarti IGP en lonchas 200g",
    "precio": "2,49 €",
    "unidad": "200g",
    "precio_por_unidad": "12,45 € por kilogramo",
    "nutricion": {
      "valor_energetico_kj": "1746.0 Kj",
      "valor_energetico_kcal": "422.0 Kcal",
      "grasas_g": "38.0 g",
      "grasas_saturadas_g": "24.0 g",
      "hidratos_g": "0.1 g",
      "azucares_g": "0.1 g",
      "proteinas_g": "19.0 g",
      "sal_g": "2.0 g"
    },
    "caracteristicas": {
      "nombre_operador": "Alcampo, S.A.",
      "direccion_operador": "c/ Santiago de Compostela, Sur s/n, 28029 Madrid",
      "pais_origen": "Dinamarca",
      "lugar_procedencia": "Dinamarca",
      "denominacion_legal": "Queso Havarti madurado elaborado con leche de vaca pasteurizada. Envasado en atmósfera protectora.",
      "peso_neto": "200g",
      "numero_raciones": "10",
      "signo_estimacion": "Si"
    },
    "id": 158
  },
  {
    "url": "https://www.compraonline.alcampo.es/products/estrella-damm-cerveza-pack-12-x-33-cl/36140",
    "nombre": "ESTRELLA DAMM Cerveza pack 12 x 33 cl.",
    "precio": "9,70 €",
    "unidad": "3960ml",
    "precio_por_unidad": "2,45 € por litro",
    "nutricion": {
      "valor_energetico_kj": "208.0 Kj",
      "valor_energetico_kcal": "50.0 Kcal",
      "grasas_g": "0.0 g",
      "grasas_saturadas_g": "0.0 g",
      "hidratos_g": "4.2 g",
      "azucares_g": "0.5 g",
      "proteinas_g": "0.4 g",
      "sal_g": "0.01 g"
    },
    "caracteristicas": {
      "nombre_operador": "S.A. DAMM",
      "direccion_operador": "C/ ROSELLÓ, 515. 08025 BARCELONA, BARCELONA",
      "pais_origen": "España",
      "denominacion_legal": "Cerveza Especial",
      "formato": "Lata",
      "peso_neto": "3,96l",
      "agrupacion": "Pack de 12",
      "capacidad": "33 cl.",
      "cantidad_neta_disgregada": "12x33cl",
      "signo_estimacion": "Si"
    },
    "id": 159
  },
  {
    "url": "https://www.compraonline.alcampo.es/products/alcampo-ecol%C3%B3gico-vinagre-bals%C3%A1mico-de-m%C3%B3dena-igp-ecol%C3%B3gico-500-ml/38928",
    "nombre": "ALCAMPO ECOLÓGICO Vinagre balsámico de Módena IGP ecológico 500 ml.",
    "precio": "2,28 €",
    "unidad": "500ml",
    "precio_por_unidad": "4,56 € por litro",
    "nutricion": {
      "valor_energetico_kj": "546.0 Kj",
      "valor_energetico_kcal": "130.0 Kcal",
      "grasas_g": "0.0 g",
      "grasas_saturadas_g": "0.0 g",
      "hidratos_g": "27.0 g",
      "azucares_g": "27.0 g",
      "proteinas_g": "0.8 g",
      "sal_g": "0.08 g"
    },
    "caracteristicas": {
      "nombre_operador": "Vinagrerias Riojanas S.A.",
      "direccion_operador": "Avenida Mendavia, 8-26009 Logroño (LA RIOJA)",
      "pais_origen": "Italia",
      "lugar_procedencia": "Indicación Geográfica Protegida Aceto Balsamico di Modena. Producto de Italia.",
      "denominacion_legal": "Vinagre Balsamico de Modena",
      "peso_neto": "0,5l"
    },
    "id": 160
  },
  {
    "url": "https://www.compraonline.alcampo.es/products/cristallino-ciabatta-chapata-cristal-100-natural-2-uds-190-g/53762",
    "nombre": "CRISTALLINO Ciabatta (chapata) cristal 100% natural 2 uds. 190 g.",
    "precio": "1,98 €",
    "unidad": "190g",
    "precio_por_unidad": "10,42 € por kilogramo",
    "nutricion": {
      "valor_energetico_kj": "994.0 Kj",
      "valor_energetico_kcal": "235.0 Kcal",
      "grasas_g": "2.0 g",
      "grasas_saturadas_g": "0.3 g",
      "hidratos_g": "45.0 g",
      "azucares_g": "0.8 g",
      "proteinas_g": "8.6 g",
      "sal_g": "1.3 g"
    },
    "caracteristicas": {
      "nombre_operador": "EUROPASTRY, S.A.",
      "direccion_operador": "Plaza Xavier Cugat nº2, Edificio C, Planta 4 Parc Sant Cugat Nord 08174 Sant Cugat del Vallès (Barcelona) ESPAÑA",
      "denominacion_legal": "Pan cocido congelado",
      "peso_neto": "95g"
    },
    "id": 161
  },
  {
    "url": "https://www.compraonline.alcampo.es/products/m%C3%A1rdel-galletas-de-alfajor-de-chocolate-blanco-con-dulce-de-leche-150-gr/18561",
    "nombre": "MÁRDEL Galletas de alfajor de chocolate blanco con dulce de leche 150 gr,",
    "precio": "2,18 €",
    "unidad": "150g",
    "precio_por_unidad": "14,53 € por kilogramo",
    "nutricion": {
      "valor_energetico_kj": "1745.0 Kj",
      "valor_energetico_kcal": "415.0 Kcal",
      "grasas_g": "16.1 g",
      "grasas_saturadas_g": "14.8 g",
      "hidratos_g": "59.9 g",
      "azucares_g": "55.0 g",
      "proteinas_g": "7.6 g",
      "sal_g": "0.37 g"
    },
    "caracteristicas": {
      "nombre_operador": "Caro Import S.L.",
      "direccion_operador": "Can Illa s/n Nave A - Pol. Ind. Can Met Sidro - 08530 La Garriga (Barcelona)",
      "pais_origen": "España",
      "lugar_procedencia": "Barcelona",
      "denominacion_legal": "Alfajor",
      "peso_neto": "150g",
      "numero_raciones": "3 raciones aprox.",
      "cantidad_neta_disgregada": "3 x 50 g."
    },
    "id": 162
  },
  {
    "url": "https://www.compraonline.alcampo.es/products/ladr%C3%B3n-de-manzanas-cider-de-manzanas-%C3%A1cidas-y-dulces-botella-25-cl/236514",
    "nombre": "LADRÓN DE MANZANAS Cider de manzanas ácidas y dulces botella 25 cl.",
    "precio": "1,19 €",
    "unidad": "250ml",
    "precio_por_unidad": "4,76 € por litro",
    "nutricion": {
      "valor_energetico_kj": "220.0 Kj",
      "valor_energetico_kcal": "52.0 Kcal",
      "grasas_g": "0.0 g",
      "grasas_saturadas_g": "0.0 g",
      "hidratos_g": "6.6 g",
      "azucares_g": "6.5 g",
      "proteinas_g": "0.0 g",
      "sal_g": "0.01 g"
    },
    "caracteristicas": {
      "formato": "Botella",
      "agrupacion": "Unidad",
      "capacidad": "25 cl."
    },
    "id": 163
  },
  {
    "url": "https://www.compraonline.alcampo.es/products/alvalle-gazpacho-suave-sin-pepino-elaborado-con-ingredientes-100-naturales-alvalle-1-l/58621",
    "nombre": "ALVALLE Gazpacho suave sin pepino elaborado con ingredientes 100% naturales ALVALLE 1 l.",
    "precio": "3,78 €",
    "unidad": "1000ml",
    "precio_por_unidad": "3,78 € por litro",
    "nutricion": {
      "valor_energetico_kj": "138.0 Kj",
      "valor_energetico_kcal": "33.0 Kcal",
      "grasas_g": "1.8 g",
      "grasas_saturadas_g": "0.3 g",
      "hidratos_g": "3.1 g",
      "azucares_g": "2.9 g",
      "proteinas_g": "0.9 g",
      "sal_g": "0.68 g"
    },
    "caracteristicas": {
      "nombre_operador": "PEPSICO FOODS AIE",
      "direccion_operador": "CALLE MARIE CURIE, 7 PLANTA 1, EDIFICIO 8 VITORIA-GASTEIZ, ALAVA",
      "denominacion_legal": "Gazpacho suave. Sin pepino.",
      "peso_neto": "1g"
    },
    "id": 164
  },
  {
    "url": "https://www.compraonline.alcampo.es/products/seven-up-zero-refresco-lima-lim%C3%B3n-pack-2-uds-x-2-l/716320",
    "nombre": "SEVEN UP Zero  Refresco lima-limón pack 2 uds. x 2 l.",
    "precio": "2,75 €",
    "unidad": "4000ml",
    "precio_por_unidad": "0,69 € por litro",
    "nutricion": {
      "valor_energetico_kj": "3.0 Kj",
      "valor_energetico_kcal": "0.6 Kcal",
      "grasas_g": "0.0 g",
      "grasas_saturadas_g": "0.0 g",
      "hidratos_g": "0.0 g",
      "azucares_g": "0.0 g",
      "proteinas_g": "0.0 g",
      "sal_g": "0.04 g"
    },
    "caracteristicas": {
      "nombre_operador": "COMPAÑIA DE BEBIDAS PEPSICO SL",
      "direccion_operador": "CALLE MARIE CURIE, 7 PLANTA 1, EDIFICIO 8 VITORIA-GASTEIZ, ALAVA",
      "denominacion_legal": "Bebida refrescante aromatizada con edulcorantes y aromas naturales de lima y limón. Sin azúcares.",
      "formato": "Botella",
      "peso_neto": "2000g",
      "agrupacion": "Pack de 2",
      "capacidad": "2 litros"
    },
    "id": 165
  },
  {
    "url": "https://www.compraonline.alcampo.es/products/goya-frijoles-rojos-guisados-listos-para-comer-goya-425-g/630456",
    "nombre": "GOYA Frijoles rojos guisados listos para comer GOYA 425 g.",
    "precio": "1,79 €",
    "unidad": "425g",
    "precio_por_unidad": "4,21 € por kilogramo",
    "nutricion": {
      "valor_energetico_kj": "536.0 Kj",
      "valor_energetico_kcal": "120.0 Kcal",
      "grasas_g": "0.77 g",
      "grasas_saturadas_g": "0.0 g",
      "hidratos_g": "21.5 g",
      "azucares_g": "0.77 g",
      "proteinas_g": "7.7 g",
      "sal_g": "0.85 g"
    },
    "caracteristicas": {
      "nombre_operador": "Goya Europa S.L.U.",
      "direccion_operador": "Avda. de la Constitución, 115 Pol. Industrial Monte Boyal 45950 Casarrubios del Monte (Toledo) España",
      "pais_origen": "República Dominicana",
      "denominacion_legal": "Frijoles rojos en salsa",
      "peso_neto": "425g"
    },
    "id": 166
  },
  {
    "url": "https://www.compraonline.alcampo.es/products/orbit-chicles-sabor-fresa-46-uds-64-g/199096",
    "nombre": "ORBIT Chicles sabor fresa, 46 uds, 64 g.",
    "precio": "2,39 €",
    "unidad": "64g",
    "precio_por_unidad": "37,34 € por kilogramo",
    "nutricion": {
      "valor_energetico_kj": "697.0 Kj",
      "valor_energetico_kcal": "167.0 Kcal",
      "grasas_g": "0.0 g",
      "grasas_saturadas_g": "0.0 g",
      "hidratos_g": "67.7 g",
      "azucares_g": "0.0 g",
      "proteinas_g": "0.0 g",
      "sal_g": "0.0 g"
    },
    "caracteristicas": {
      "nombre_operador": "Mars Multisales Spain, S.L",
      "direccion_operador": "Plaza de Carlos Trías Bertrán, 4, 1ª Planta 28020 Madrid, España.",
      "denominacion_legal": "Chicle con edulcorantes sin azúcar y sabor a fresa",
      "peso_neto": "64g"
    },
    "id": 167
  },
  {
    "url": "https://www.compraonline.alcampo.es/products/greip-mosto-sin-alcohol-tradicional-de-uva-blanco-botella-1-l/33779",
    "nombre": "GREIP Mosto sin alcohol tradicional de uva blanco botella 1 l.",
    "precio": "2,37 €",
    "unidad": "1000ml",
    "precio_por_unidad": "2,37 € por litro",
    "nutricion": {
      "valor_energetico_kj": "292.0 Kj",
      "valor_energetico_kcal": "69.0 Kcal",
      "grasas_g": "0.0 g",
      "grasas_saturadas_g": "0.0 g",
      "hidratos_g": "17.0 g",
      "azucares_g": "17.0 g",
      "proteinas_g": "0.0 g",
      "sal_g": "0.0 g"
    },
    "caracteristicas": {
      "nombre_operador": "COMPAÑIA DE BEBIDAS PEPSICO SL",
      "direccion_operador": "CALLE MARIE CURIE, 7 PLANTA 1, EDIFICIO 8 VITORIA-GASTEIZ, ALAVA",
      "denominacion_legal": "Zumo de uva a partir de concentrado.",
      "formato": "Botella",
      "peso_neto": "1000g",
      "sabor": "Uva",
      "agrupacion": "Unidad"
    },
    "id": 168
  },
  {
    "url": "https://www.compraonline.alcampo.es/products/monster-energy-juice-rio-punch-bebida-energ%C3%A9tica-lata-500ml/946765",
    "nombre": "MONSTER Energy Juice Rio Punch Bebida energética lata 500ml",
    "precio": "1,79 €",
    "unidad": "500ml",
    "precio_por_unidad": "3,58 € por litro",
    "nutricion": {
      "valor_energetico_kj": "130.0 Kj",
      "valor_energetico_kcal": "30.0 Kcal",
      "grasas_g": "0.0 g",
      "grasas_saturadas_g": "0.0 g",
      "hidratos_g": "7.7 g",
      "azucares_g": "7.0 g",
      "proteinas_g": "0.0 g",
      "sal_g": "0.1 g"
    },
    "caracteristicas": {
      "nombre_operador": "Monster Energy Limited",
      "direccion_operador": "South Bank House, Barrow Street, Dublin 4, Irlanda",
      "denominacion_legal": "Bebida energética carbonada con 2% de zumo de fruta a partir de concentrado de zumo de fruta, contiene taurina, ginseng, cafeína, l-carnitina y vitaminas b con azúcares y edulcorante.",
      "peso_neto": "0,5l",
      "numero_raciones": "1"
    },
    "id": 169
  },
  {
    "url": "https://www.compraonline.alcampo.es/products/burgos-de-albe-queso-fresco-tradicional-burgos-de-albe-500-g/97575",
    "nombre": "BURGOS de ALBE Queso fresco tradicional BURGOS de ALBE 500 g.",
    "precio": "2,60 €",
    "unidad": "500g",
    "precio_por_unidad": "5,20 € por kilogramo",
    "nutricion": {
      "valor_energetico_kj": "856.0 Kj",
      "valor_energetico_kcal": "207.0 Kcal",
      "grasas_g": "16.0 g",
      "grasas_saturadas_g": "9.0 g",
      "hidratos_g": "3.0 g",
      "azucares_g": "2.1 g",
      "proteinas_g": "12.0 g",
      "sal_g": "0.2 g"
    },
    "caracteristicas": {
      "nombre_operador": "Lácteas del Jarama S.A.",
      "direccion_operador": "C/ Torrelaguna, 79 - 28140 Fuente el Saz (Madrid).",
      "pais_origen": "España",
      "lugar_procedencia": "España",
      "denominacion_legal": "Queso fresco",
      "peso_neto": "500g"
    },
    "id": 170
  },
  {
    "url": "https://www.compraonline.alcampo.es/products/oquendo-natura-caf%C3%A9-molido-natural-100-ar%C3%A1bica-procedente-de-agricultura-ecol%C3%B3gica-250-g/887047",
    "nombre": "OQUENDO Natura Café molido natural 100 % Arábica , procedente de agricultura ecológica 250 g.",
    "precio": "3,95 €",
    "unidad": "250g",
    "precio_por_unidad": "15,80 € por kilogramo",
    "nutricion": {
      "valor_energetico_kj": "0.0 Kj",
      "valor_energetico_kcal": "0.0 Kcal",
      "grasas_g": "0.0 g",
      "grasas_saturadas_g": "0.0 g",
      "hidratos_g": "0.0 g",
      "azucares_g": "0.0 g",
      "proteinas_g": "0.0 g",
      "sal_g": "0.0 g"
    },
    "caracteristicas": {
      "nombre_operador": "Fast Eurocafe S.A.",
      "direccion_operador": "C/ Peña Salón P-46. Polígono de Silvota. Llanera - Asturias (CP: 33192)",
      "denominacion_legal": "Café molido de tueste natural",
      "peso_neto": "250g",
      "signo_estimacion": "Si"
    },
    "id": 171
  },
  {
    "url": "https://www.compraonline.alcampo.es/products/patak-s-salsa-de-curry-korma-patak-s-450-g/318063",
    "nombre": "PATAK'S Salsa de curry, Korma PATAK´S 450 g.",
    "precio": "2,49 €",
    "unidad": "450g",
    "precio_por_unidad": "5,53 € por kilogramo",
    "nutricion": {
      "valor_energetico_kj": "606.0 Kj",
      "valor_energetico_kcal": "146.0 Kcal",
      "grasas_g": "10.5 g",
      "grasas_saturadas_g": "5.7 g",
      "hidratos_g": "10.8 g",
      "azucares_g": "6.7 g",
      "proteinas_g": "1.2 g",
      "sal_g": "0.7 g"
    },
    "caracteristicas": {
      "nombre_operador": "Ofistrade S.A.",
      "direccion_operador": "C/Buenos Aires 38-40, entlo. C - 08036 Barcelona",
      "pais_origen": "Reino Unido",
      "lugar_procedencia": "Reino Unido",
      "denominacion_legal": "salsa korma",
      "peso_neto": "450g",
      "cantidad_neta_disgregada": "450"
    },
    "id": 172
  },
  {
    "url": "https://www.compraonline.alcampo.es/products/calvo-at%C3%BAn-claro-en-aceite-de-oliva-virgen-extra-lata-de-pack-de-3-uds-52-g/25694",
    "nombre": "CALVO Atún claro en aceite de oliva virgen extra lata de pack de 3 uds. 52 g",
    "precio": "2,94 €",
    "unidad": "156g",
    "precio_por_unidad": "18,85 € por kilogramo",
    "nutricion": {
      "valor_energetico_kj": "1111.0 Kj",
      "valor_energetico_kcal": "267.0 Kcal",
      "grasas_g": "20.0 g",
      "grasas_saturadas_g": "3.0 g",
      "hidratos_g": "0.0 g",
      "azucares_g": "0.0 g",
      "proteinas_g": "21.0 g",
      "sal_g": "1.0 g"
    },
    "caracteristicas": {
      "nombre_operador": "Calvo Distribución Alimentaria SLU",
      "direccion_operador": "Ctra. Coruña-Finisterre. 15106 Carballo. La Coruña",
      "pais_origen": "España",
      "denominacion_legal": "Atún Claro en aceite de oliva virgen extra",
      "formato": "Lata",
      "peso_neto": "195g",
      "numero_raciones": "3"
    },
    "id": 173
  },
  {
    "url": "https://www.compraonline.alcampo.es/products/monster-energy-bebida-energ%C3%A9tica-lata-de-500-ml/22249",
    "nombre": "MONSTER Energy Bebida energética lata de 500 ml.",
    "precio": "1,79 €",
    "unidad": "500ml",
    "precio_por_unidad": "3,58 € por litro",
    "nutricion": {
      "valor_energetico_kj": "201.0 Kj",
      "valor_energetico_kcal": "47.0 Kcal",
      "grasas_g": "0.0 g",
      "grasas_saturadas_g": "0.0 g",
      "hidratos_g": "12.0 g",
      "azucares_g": "11.0 g",
      "proteinas_g": "0.0 g",
      "sal_g": "0.19 g"
    },
    "caracteristicas": {
      "nombre_operador": "Monster Energy Limited",
      "direccion_operador": "South Bank House, Barrow Street, Dublin 4, Irlanda",
      "denominacion_legal": "Bebida energética carbonatada con taurina, ginseng, L-carnitina y vitaminas del grupo B. Con azúcares y edulcorante.",
      "formato": "Lata",
      "peso_neto": "0,5l",
      "sabor": "Otros sabores",
      "agrupacion": "Unidad",
      "capacidad": "50 cl.",
      "numero_raciones": "1"
    },
    "id": 174
  },
  {
    "url": "https://www.compraonline.alcampo.es/products/latino-panela-en-polvo-gourmet-1-kg/716267",
    "nombre": "LATINO Panela en polvo Gourmet 1 kg.",
    "precio": "2,49 €",
    "unidad": "1000g",
    "precio_por_unidad": "2,49 € por kilogramo",
    "nutricion": {
      "valor_energetico_kj": "1517.0 Kj",
      "valor_energetico_kcal": "362.0 Kcal",
      "grasas_g": "0.0 g",
      "grasas_saturadas_g": "0.0 g",
      "hidratos_g": "90.4 g",
      "azucares_g": "90.4 g",
      "proteinas_g": "0.0 g",
      "sal_g": "0.0 g"
    },
    "caracteristicas": {
      "nombre_operador": "Mercontrol E.D. S.L",
      "direccion_operador": "Juan de la Cierva, 36. 28823 COSLADA ( Madrid ).",
      "denominacion_legal": "Panela pulverizada",
      "peso_neto": "1000g"
    },
    "id": 175
  },
  {
    "url": "https://www.compraonline.alcampo.es/products/patak-s-salsa-de-tomate-con-notas-de-cilantro-y-comino-tikka-masala-patak-s-450-g/318070",
    "nombre": "PATAK'S Salsa de tomate con notas de cilantro y comino, Tikka Masala PATAK´S 450 g.",
    "precio": "2,49 €",
    "unidad": "450g",
    "precio_por_unidad": "5,53 € por kilogramo",
    "nutricion": {
      "valor_energetico_kj": "330.0 Kj",
      "valor_energetico_kcal": "84.0 Kcal",
      "grasas_g": "4.7 g",
      "grasas_saturadas_g": "0.8 g",
      "hidratos_g": "8.4 g",
      "azucares_g": "4.3 g",
      "proteinas_g": "1.4 g",
      "sal_g": "0.72 g"
    },
    "caracteristicas": {
      "nombre_operador": "Ofistrade S.A.",
      "direccion_operador": "C/Buenos Aires 38-40, entlo. C - 08036 Barcelona",
      "pais_origen": "Reino Unido",
      "lugar_procedencia": "Reino Unido",
      "denominacion_legal": "salsa tikka masala",
      "peso_neto": "450g",
      "cantidad_neta_disgregada": "450"
    },
    "id": 176
  },
  {
    "url": "https://www.compraonline.alcampo.es/products/ruffles-patatas-fritas-onduladas-con-sabor-jam%C3%B3n-bolsa-de-160-g/27790",
    "nombre": "RUFFLES Patatas fritas onduladas con sabor Jamón bolsa de 160 g.",
    "precio": "1,57 €",
    "unidad": "150g",
    "precio_por_unidad": "10,47 € por kilogramo",
    "nutricion": {
      "valor_energetico_kj": "2136.0 Kj",
      "valor_energetico_kcal": "512.0 Kcal",
      "grasas_g": "30.0 g",
      "grasas_saturadas_g": "2.3 g",
      "hidratos_g": "51.0 g",
      "azucares_g": "1.0 g",
      "proteinas_g": "6.5 g",
      "sal_g": "1.7 g"
    },
    "caracteristicas": {
      "nombre_operador": "PEPSICO FOODS AIE",
      "direccion_operador": "CALLE MARIE CURIE, 7 PLANTA 1, EDIFICIO 8 VITORIA-GASTEIZ, ALAVA",
      "denominacion_legal": "Patatas fritas con sabor a jamón",
      "peso_neto": "150g"
    },
    "id": 177
  },
  {
    "url": "https://www.compraonline.alcampo.es/products/la-coste%C3%B1a-frijoles-negros-refritos-la-coste%C3%B1a-lata-de-580-g/44439",
    "nombre": "LA COSTEÑA Frijoles negros refritos LA COSTEÑA lata de 580 g.",
    "precio": "2,61 €",
    "unidad": "580g",
    "precio_por_unidad": "4,50 € por kilogramo",
    "nutricion": {
      "valor_energetico_kj": "335.0 Kj",
      "valor_energetico_kcal": "80.0 Kcal",
      "grasas_g": "4.0 g",
      "grasas_saturadas_g": "0.0 g",
      "hidratos_g": "8.0 g",
      "azucares_g": "0.0 g",
      "proteinas_g": "3.0 g",
      "sal_g": "1.02 g"
    },
    "caracteristicas": {
      "nombre_operador": "Central Mexicana de Abastos S.L.",
      "direccion_operador": "Puerto de Guadarrama 30, Pol Ind. Las Nieves 28935 Móstoles, Madrid.",
      "pais_origen": "Mexico",
      "denominacion_legal": "Frijoles negros refritos 560g",
      "peso_neto": "580g"
    },
    "id": 178
  },
  {
    "url": "https://www.compraonline.alcampo.es/products/monasterio-de-las-vi%C3%B1as-vino-tinto-crianza-con-d-o-p-cari%C3%B1ena-magnum-de-1-5-l/21788",
    "nombre": "MONASTERIO DE LAS VIÑAS  Vino tinto crianza con D.O.P Cariñena Magnum de 1,5 l.",
    "precio": "4,45 €",
    "nutricion": {
      "valor_energetico_kj": "361.0 Kj",
      "valor_energetico_kcal": "87.0 Kcal",
      "grasas_g": "0.0 g",
      "grasas_saturadas_g": "0.0 g",
      "hidratos_g": "2.6 g",
      "azucares_g": "0.0 g",
      "proteinas_g": "0.1 g",
      "sal_g": "0.0 g"
    },
    "caracteristicas": {
      "nombre_operador": "Grandes Vinos y Viñedos S.A.",
      "direccion_operador": "Ctra. Valencia Km 45,700 50400 Cariñena (Zaragoza)",
      "denominacion_legal": "Vino tinto"
    },
    "id": 179
  },
  {
    "url": "https://www.compraonline.alcampo.es/products/aquarade-bebida-isot%C3%B3nica-de-naranja-botella-de-1-5-l/438866",
    "nombre": "AQUARADE Bebida isotónica de naranja botella de 1,5 l.",
    "precio": "1,44 €",
    "unidad": "1500ml",
    "precio_por_unidad": "0,96 € por litro",
    "nutricion": {
      "valor_energetico_kj": "5.0 Kj",
      "valor_energetico_kcal": "1.0 Kcal",
      "grasas_g": "0.0 g",
      "grasas_saturadas_g": "0.0 g",
      "hidratos_g": "0.0 g",
      "azucares_g": "0.0 g",
      "proteinas_g": "0.0 g",
      "sal_g": "0.0 g"
    },
    "caracteristicas": {
      "nombre_operador": "COMPAÑIA DE BEBIDAS PEPSICO SL",
      "direccion_operador": "CALLE MARIE CURIE, 7 PLANTA 1, EDIFICIO 8 VITORIA-GASTEIZ, ALAVA",
      "denominacion_legal": "Bebida refrescante aromatizada sabor a naranja, con edulcorantes.",
      "formato": "Botella",
      "peso_neto": "1500g",
      "sabor": "Naranja",
      "agrupacion": "Unidad",
      "capacidad": "1.5 litros"
    },
    "id": 180
  },
  {
    "url": "https://www.compraonline.alcampo.es/products/lay-s-artesanas-patatas-fritas-artesanas-en-aceite-de-oliva-en-bolsa-140-gr/12050",
    "nombre": "LAY'S Artesanas  Patatas fritas artesanas en aceite de oliva en bolsa 140 gr.",
    "precio": "1,89 €",
    "unidad": "140g",
    "precio_por_unidad": "13,50 € por kilogramo",
    "nutricion": {
      "valor_energetico_kj": "2136.0 Kj",
      "valor_energetico_kcal": "511.0 Kcal",
      "grasas_g": "28.0 g",
      "grasas_saturadas_g": "3.2 g",
      "hidratos_g": "58.0 g",
      "azucares_g": "0.3 g",
      "proteinas_g": "5.6 g",
      "sal_g": "1.7 g"
    },
    "caracteristicas": {
      "nombre_operador": "PEPSICO FOODS AIE",
      "direccion_operador": "CALLE MARIE CURIE, 7 PLANTA 1, EDIFICIO 8 VITORIA-GASTEIZ, ALAVA",
      "denominacion_legal": "Patatas fritas con aceite de oliva",
      "peso_neto": "140g"
    },
    "id": 181
  },
  {
    "url": "https://www.compraonline.alcampo.es/products/alcampo-ecol%C3%B3gico-garbanzos-cocidos-ecol%C3%B3gicos-450-g/869120",
    "nombre": "ALCAMPO ECOLÓGICO Garbanzos cocidos ecológicos 450 g.",
    "precio": "3,20 €",
    "unidad": "450g",
    "precio_por_unidad": "7,11 € por kilogramo",
    "nutricion": {
      "valor_energetico_kj": "347.0 Kj",
      "valor_energetico_kcal": "83.0 Kcal",
      "grasas_g": "2.0 g",
      "grasas_saturadas_g": "0.2 g",
      "hidratos_g": "9.1 g",
      "azucares_g": "0.0 g",
      "proteinas_g": "4.9 g",
      "sal_g": "0.7 g"
    },
    "caracteristicas": {
      "nombre_operador": "Envasado por Legumbres Baena, S.L para Auchan Retail España, S.L",
      "direccion_operador": "C/ Santiago de Compostela Sur, s/n 28029 Madrid",
      "denominacion_legal": "Garbanzo cocido. Procedente de la agricultura ecológica. Categoría extra.",
      "peso_neto": "660g",
      "numero_raciones": "Número de porciones por envase: 2."
    },
    "id": 182
  },
  {
    "url": "https://www.compraonline.alcampo.es/products/auchan-guacamole-suave-elaborado-con-aguacate-fresco-500-g-producto-alcampo/47205",
    "nombre": "AUCHAN Guacamole suave, elaborado con aguacate fresco 500 g. Producto Alcampo",
    "precio": "3,94 €",
    "unidad": "500g",
    "precio_por_unidad": "7,88 € por kilogramo",
    "nutricion": {
      "valor_energetico_kj": "750.0 Kj",
      "valor_energetico_kcal": "182.0 Kcal",
      "grasas_g": "17.2 g",
      "grasas_saturadas_g": "2.4 g",
      "hidratos_g": "3.0 g",
      "azucares_g": "1.4 g",
      "proteinas_g": "1.5 g",
      "sal_g": "1.3 g"
    },
    "caracteristicas": {
      "nombre_operador": "Avoxix, S.L",
      "direccion_operador": "PTA. Vélez-Málaga. Crta. De Benamargosa Km. 0,6, 29719 Trapiche (Málaga)",
      "denominacion_legal": "Guacamole",
      "peso_neto": "500g"
    },
    "id": 183
  },
  {
    "url": "https://www.compraonline.alcampo.es/products/vivesoy-bebida-de-almendras-sin-az%C3%BAcar-de-cultivo-100-local-de-pascual-6-x-1-l/211383",
    "nombre": "VIVESOY Bebida de almendras sin azúcar, de cultivo 100% local  de Pascual 6 x 1 l.",
    "precio": "9,60 €",
    "unidad": "6000ml",
    "precio_por_unidad": "1,60 € por litro",
    "nutricion": {
      "valor_energetico_kj": "55.0 Kj",
      "valor_energetico_kcal": "13.0 Kcal",
      "grasas_g": "1.1 g",
      "grasas_saturadas_g": "0.1 g",
      "hidratos_g": "0.2 g",
      "azucares_g": "0.1 g",
      "proteinas_g": "0.5 g",
      "sal_g": "0.14 g"
    },
    "caracteristicas": {
      "nombre_operador": "Calidad Pascual, SAU.",
      "direccion_operador": "Ctra. De Palencia, s/n - 09400 Aranda de Duero (Burgos)",
      "pais_origen": "España",
      "lugar_procedencia": "España",
      "denominacion_legal": "Bebida de Almendras sin azúcares con Calcio y Vitamina B12, D",
      "peso_neto": "6000ml",
      "numero_raciones": "Cada envase contiene 4 raciones de 250 ml",
      "cantidad_neta_disgregada": "6X1000ml"
    },
    "id": 184
  },
  {
    "url": "https://www.compraonline.alcampo.es/products/pompadour-multinfusi%C3%B3n-duerme-bien-mezcla-de-plantas-naturales-20-uds/16583",
    "nombre": "POMPADOUR Multinfusión duerme bien (mezcla de plantas naturales) 20 uds.",
    "precio": "2,46 €",
    "precio_por_unidad": "20 por envase",
    "nutricion": {
      "valor_energetico_kj": "3.0 Kj",
      "valor_energetico_kcal": "1.0 Kcal",
      "grasas_g": "0.0 g",
      "grasas_saturadas_g": "0.0 g",
      "hidratos_g": "0.0 g",
      "azucares_g": "0.0 g",
      "proteinas_g": "0.0 g",
      "sal_g": "0.0 g"
    },
    "caracteristicas": {
      "nombre_operador": "POMPADOUR IBÉRICA, S.A",
      "direccion_operador": "CTRA. A MADRID KM 405, POLIG. IND. LAS ATALAYAS PAR. VIII 03114 ALICANTE",
      "pais_origen": "España",
      "denominacion_legal": "Duerme Bien Plus. Infusión de plantas naturales y especias. Complemento alimenticio.",
      "peso_neto": "44g",
      "numero_raciones": "Veinte",
      "cantidad_neta_disgregada": "20x2.20 Gramos",
      "signo_estimacion": "Si"
    },
    "id": 185
  },
  {
    "url": "https://www.compraonline.alcampo.es/products/san-miguel-cerveza-1-l/31164",
    "nombre": "SAN MIGUEL Cerveza 1 l.",
    "precio": "1,36 €",
    "unidad": "1000ml",
    "precio_por_unidad": "1,36 € por litro",
    "nutricion": {
      "valor_energetico_kj": "204.0 Kj",
      "valor_energetico_kcal": "49.0 Kcal",
      "grasas_g": "0.0 g",
      "grasas_saturadas_g": "0.0 g",
      "hidratos_g": "4.1 g",
      "azucares_g": "0.2 g",
      "proteinas_g": "0.4 g",
      "sal_g": "0.0 g"
    },
    "caracteristicas": {
      "nombre_operador": "MAHOU, S.A.",
      "direccion_operador": "Calle Titan, 15  28045  Madrid",
      "pais_origen": "España",
      "denominacion_legal": "CERVEZA ESPECIAL",
      "formato": "Botella",
      "peso_neto": "1l",
      "agrupacion": "Unidad",
      "capacidad": "1 litro",
      "signo_estimacion": "Si"
    },
    "id": 186
  },
  {
    "url": "https://www.compraonline.alcampo.es/products/auchan-gyozas-de-verduras-24-uds-250-g-producto-alcampo/896431",
    "nombre": "AUCHAN Gyozas de verduras 24 uds. 250 g Producto Alcampo.",
    "precio": "2,29 €",
    "unidad": "250g",
    "precio_por_unidad": "9,16 € por kilogramo",
    "nutricion": {
      "valor_energetico_kj": "666.0 Kj",
      "valor_energetico_kcal": "159.0 Kcal",
      "grasas_g": "4.7 g",
      "grasas_saturadas_g": "0.7 g",
      "hidratos_g": "21.2 g",
      "azucares_g": "3.7 g",
      "proteinas_g": "5.9 g",
      "sal_g": "0.69 g"
    },
    "caracteristicas": {
      "nombre_operador": "Alcampo, S.A.",
      "direccion_operador": "c/ Santiago de Compostela, Sur s/n, 28029 Madrid",
      "pais_origen": "República Popular de China",
      "lugar_procedencia": "China",
      "denominacion_legal": "Empanadillas rellenas de verdura. Plato preparado ultracongelado.",
      "peso_neto": "250g"
    },
    "id": 187
  },
  {
    "url": "https://www.compraonline.alcampo.es/products/vivesoy-original-de-pascual-bebida-vegetal-de-soja-6-x-1-l/193063",
    "nombre": "VIVESOY Original de Pascual Bebida vegetal de soja 6 x 1 l",
    "precio": "9,60 €",
    "unidad": "6000ml",
    "precio_por_unidad": "1,60 € por litro",
    "nutricion": {
      "valor_energetico_kj": "169.0 Kj",
      "valor_energetico_kcal": "41.0 Kcal",
      "grasas_g": "1.9 g",
      "grasas_saturadas_g": "0.3 g",
      "hidratos_g": "1.9 g",
      "azucares_g": "1.8 g",
      "proteinas_g": "3.5 g",
      "sal_g": "0.12 g"
    },
    "caracteristicas": {
      "nombre_operador": "Calidad Pascual, SAU.",
      "direccion_operador": "Ctra. De Palencia, s/n - 09400 Aranda de Duero (Burgos)",
      "pais_origen": "España",
      "lugar_procedencia": "España",
      "denominacion_legal": "Bebida de soja con aminoácidos, calcio y vitaminas D y B12",
      "peso_neto": "6000ml",
      "numero_raciones": "Cada envase contiene 4 raciones de 250 ml",
      "cantidad_neta_disgregada": "6X1000ml"
    },
    "id": 188
  },
  {
    "url": "https://www.compraonline.alcampo.es/products/pompadour-infusi%C3%B3n-de-jengibre-con-lim%C3%B3n-20-uds/10018",
    "nombre": "POMPADOUR Infusión de jengibre con limón 20 uds.",
    "precio": "2,46 €",
    "precio_por_unidad": "20 por envase",
    "nutricion": {
      "valor_energetico_kj": "3.0 Kj",
      "valor_energetico_kcal": "1.0 Kcal",
      "grasas_g": "0.0 g",
      "grasas_saturadas_g": "0.0 g",
      "hidratos_g": "0.0 g",
      "azucares_g": "0.0 g",
      "proteinas_g": "0.0 g",
      "sal_g": "0.0 g"
    },
    "caracteristicas": {
      "nombre_operador": "POMPADOUR IBÉRICA, S.A",
      "direccion_operador": "CTRA. A MADRID KM 405, POL. IND. LAS ATALAYAS PARCELA 8A 03114 ALICANTE",
      "pais_origen": "España",
      "denominacion_legal": "Jengibre con limón",
      "peso_neto": "35g",
      "numero_raciones": "veinte",
      "cantidad_neta_disgregada": "20x1.75 Gramos",
      "signo_estimacion": "Si"
    },
    "id": 189
  },
  {
    "url": "https://www.compraonline.alcampo.es/products/alcampo-ecol%C3%B3gico-cereales-muesli-con-quinoa-y-con-chocolate-ecol%C3%B3gicos-500-g/436624",
    "nombre": "ALCAMPO ECOLÓGICO Cereales muesli con quinoa y con chocolate ecológicos 500 g.",
    "precio": "4,39 €",
    "unidad": "500g",
    "precio_por_unidad": "8,78 € por kilogramo",
    "nutricion": {
      "valor_energetico_kj": "1838.0 Kj",
      "valor_energetico_kcal": "437.0 Kcal",
      "grasas_g": "13.0 g",
      "grasas_saturadas_g": "5.3 g",
      "hidratos_g": "66.0 g",
      "azucares_g": "22.0 g",
      "proteinas_g": "9.4 g",
      "sal_g": "0.06 g"
    },
    "caracteristicas": {
      "nombre_operador": "AUCHAN SAS OIA",
      "direccion_operador": "200 rue de la recherche",
      "pais_origen": "Francia",
      "lugar_procedencia": ".",
      "denominacion_legal": "Mélange de céréales croustillantes, de quinoa et de chocolat issu de l'agriculture biologique.",
      "peso_neto": "0,5kg",
      "numero_raciones": "13"
    },
    "id": 190
  },
  {
    "url": "https://www.compraonline.alcampo.es/products/croissant-de-mantequilla-4-uds/92831",
    "nombre": "Croissant de mantequilla 4 uds.",
    "precio": "1,99 €",
    "unidad": "160g",
    "precio_por_unidad": "12,44 € por kilogramo",
    "nutricion": {
      "valor_energetico_kj": "0.0 Kj",
      "valor_energetico_kcal": "0.0 Kcal",
      "grasas_g": "0.0 g",
      "grasas_saturadas_g": "0.0 g",
      "hidratos_g": "0.0 g",
      "azucares_g": "0.0 g",
      "proteinas_g": "0.0 g",
      "sal_g": "0.0 g"
    },
    "caracteristicas": {
      "denominacion_legal": "CROISSANT MANTEQUILLA.",
      "peso_neto": "100g"
    },
    "id": 191
  },
  {
    "url": "https://www.compraonline.alcampo.es/products/garofalo-pasta-de-s%C3%A9mola-de-trigo-duro-ziiti-rigati-n%C2%BA-70-garofalo-500-g/670745",
    "nombre": "GAROFALO Pasta de sémola de trigo duro ZIiti Rigati nº 70 GAROFALO 500 g.",
    "precio": "1,73 €",
    "unidad": "500g",
    "precio_por_unidad": "3,46 € por kilogramo",
    "nutricion": {
      "valor_energetico_kj": "1489.0 Kj",
      "valor_energetico_kcal": "351.0 Kcal",
      "grasas_g": "1.0 g",
      "grasas_saturadas_g": "0.2 g",
      "hidratos_g": "70.0 g",
      "azucares_g": "3.0 g",
      "proteinas_g": "14.0 g",
      "sal_g": "0.01 g"
    },
    "caracteristicas": {
      "nombre_operador": "Herba Ricemills. S.L.U.",
      "direccion_operador": "C/ Real. 43 - 41920 San Juan de Aznalfarache (Sevilla)",
      "denominacion_legal": "Pasta de semola de trigo duro",
      "peso_neto": "500g",
      "signo_estimacion": "Si"
    },
    "id": 192
  },
  {
    "url": "https://www.compraonline.alcampo.es/products/producto-econ%C3%B3mico-alcampo-gelatina-de-sabores-surtidos-6x100-g/196840",
    "nombre": "PRODUCTO ECONÓMICO ALCAMPO Gelatina de sabores surtidos 6x100 g.",
    "precio": "0,94 €",
    "unidad": "600g",
    "precio_por_unidad": "1,57 € por kilogramo",
    "nutricion": {
      "valor_energetico_kj": "299.0 Kj",
      "valor_energetico_kcal": "71.0 Kcal",
      "grasas_g": "0.0 g",
      "grasas_saturadas_g": "0.0 g",
      "hidratos_g": "18.0 g",
      "azucares_g": "15.0 g",
      "proteinas_g": "0.0 g",
      "sal_g": "0.19 g"
    },
    "caracteristicas": {
      "nombre_operador": "Alcampo, S.A.",
      "direccion_operador": "c/ Santiago de Compostela, Sur s/n, 28029 Madrid",
      "pais_origen": "España",
      "lugar_procedencia": "España",
      "denominacion_legal": "POSTRE GELIFICADO REFRIGERADO sabor a fresa/limón/multifrutas",
      "peso_neto": "600g",
      "numero_raciones": "6",
      "signo_estimacion": "Si"
    },
    "id": 193
  },
  {
    "url": "https://www.compraonline.alcampo.es/products/salakis-queso-feta-150-g/432376",
    "nombre": "SALAKIS Queso feta 150 g.",
    "precio": "3,95 €",
    "unidad": "150g",
    "precio_por_unidad": "26,33 € por kilogramo",
    "nutricion": {
      "valor_energetico_kj": "1129.0 Kj",
      "valor_energetico_kcal": "270.0 Kcal",
      "grasas_g": "22.5 g",
      "grasas_saturadas_g": "15.5 g",
      "hidratos_g": "0.4 g",
      "azucares_g": "0.4 g",
      "proteinas_g": "16.4 g",
      "sal_g": "2.5 g"
    },
    "caracteristicas": {
      "nombre_operador": "Lactalis Forlasa S.L.U.",
      "direccion_operador": "Avda. Reyes Católicos, 135. 02600 Villarrobledo",
      "pais_origen": "Grecia",
      "lugar_procedencia": "GRECIA",
      "denominacion_legal": "Queso DOP Feta Griego de leche pasteurizada de oveja y cabra",
      "peso_neto": "150g"
    },
    "id": 194
  },
  {
    "url": "https://www.compraonline.alcampo.es/products/puerta-vieja-vino-tinto-crianza-con-d-o-ca-rioja-botella-75-cl/32403",
    "nombre": "PUERTA VIEJA Vino tinto crianza con D.O. Ca. Rioja botella 75 cl.",
    "precio": "4,49 €",
    "nutricion": {
      "valor_energetico_kj": "364.0 Kj",
      "valor_energetico_kcal": "87.0 Kcal",
      "grasas_g": "0.1 g",
      "grasas_saturadas_g": "0.1 g",
      "hidratos_g": "2.3 g",
      "azucares_g": "0.05 g",
      "proteinas_g": "0.2 g",
      "sal_g": "0.0 g"
    },
    "caracteristicas": {
      "nombre_operador": "Bodegas Riojanas S.A.",
      "direccion_operador": "Avda. D. Ricardo Ruiz de Azcárraga,1 26350 Cenicero",
      "denominacion_legal": "Vino Rioja Tinto Crianza"
    },
    "id": 195
  },
  {
    "url": "https://www.compraonline.alcampo.es/products/cuca-at%C3%BAn-claro-en-aceite-de-oliva-virgen-extra-pack-3-uds-x-67-g/24646",
    "nombre": "CUCA Atún claro en aceite de oliva virgen extra pack 3 uds. x 67 g.",
    "precio": "7,29 €",
    "unidad": "201g",
    "precio_por_unidad": "36,27 € por kilogramo",
    "nutricion": {
      "valor_energetico_kj": "1561.0 Kj",
      "valor_energetico_kcal": "377.0 Kcal",
      "grasas_g": "33.0 g",
      "grasas_saturadas_g": "4.7 g",
      "hidratos_g": "0.0 g",
      "azucares_g": "0.0 g",
      "proteinas_g": "20.0 g",
      "sal_g": "0.9 g"
    },
    "caracteristicas": {
      "nombre_operador": "Bolton Cile España, S.A.",
      "direccion_operador": "C/ Ombú 3 28045-Madrid (España)",
      "pais_origen": "España",
      "denominacion_legal": "Atún claro en aceite de oliva virgen extra",
      "formato": "Lata",
      "peso_neto": "276g",
      "cantidad_neta_disgregada": "92gx3"
    },
    "id": 196
  },
  {
    "url": "https://www.compraonline.alcampo.es/products/pedro-luis-tomate-triturado-selecci%C3%B3n-gourmet-660-g/799078",
    "nombre": "PEDRO LUIS Tomate triturado selección gourmet 660 g.",
    "precio": "2,08 €",
    "unidad": "660g",
    "precio_por_unidad": "3,15 € por kilogramo",
    "nutricion": {
      "valor_energetico_kj": "85.3 Kj",
      "valor_energetico_kcal": "20.1 Kcal",
      "grasas_g": "0.5 g",
      "grasas_saturadas_g": "0.5 g",
      "hidratos_g": "4.0 g",
      "azucares_g": "2.8 g",
      "proteinas_g": "1.0 g",
      "sal_g": "0.0 g"
    },
    "caracteristicas": {
      "nombre_operador": "Conservas Pedro Luís, S.L.",
      "direccion_operador": "Pol.Industrial El Ramal, C/Del Ramal 19 -31580- Lodosa (Navarra)",
      "denominacion_legal": "Tomate, Triturado, Extra",
      "peso_neto": "660g"
    },
    "id": 197
  },
  {
    "url": "https://www.compraonline.alcampo.es/products/mar-de-frades-vino-blanco-albari%C3%B1o-con-d-o-r%C3%ADas-baixas-botella-75-cl/437975",
    "nombre": "MAR DE FRADES Vino blanco albariño con D.O. Rías Baixas botella 75 cl.",
    "precio": "17,39 €",
    "nutricion": {
      "valor_energetico_kj": "300.0 Kj",
      "valor_energetico_kcal": "72.0 Kcal",
      "grasas_g": "0.0 g",
      "grasas_saturadas_g": "0.0 g",
      "hidratos_g": "0.62 g",
      "azucares_g": "0.12 g",
      "proteinas_g": "0.0 g",
      "sal_g": "0.0 g"
    },
    "caracteristicas": {
      "nombre_operador": "Mar de Frades, S.L.",
      "direccion_operador": "Pg. Arosa, 16 Finca Valiñas-San Martino de Meis.36637 Meis-Pontevdra",
      "denominacion_legal": "Rías Baixas"
    },
    "id": 198
  },
  {
    "url": "https://www.compraonline.alcampo.es/products/activia-b%C3%ADfidus-desnatado-0-materia-grasa-con-trocitos-de-lima-y-lim%C3%B3n-de-danone-4-x-120-g/916097",
    "nombre": "ACTIVIA Bífidus desnatado (0% materia grasa) con trocitos de lima y limón de Danone 4 x 120 g.",
    "precio": "2,89 €",
    "unidad": "500g",
    "precio_por_unidad": "5,78 € por kilogramo",
    "nutricion": {
      "valor_energetico_kj": "181.0 Kj",
      "valor_energetico_kcal": "43.0 Kcal",
      "grasas_g": "0.1 g",
      "grasas_saturadas_g": "0.0 g",
      "hidratos_g": "6.0 g",
      "azucares_g": "5.7 g",
      "proteinas_g": "4.6 g",
      "sal_g": "0.2 g"
    },
    "caracteristicas": {
      "nombre_operador": "Danone S.A.",
      "direccion_operador": "Buenos aires, 21 08029 Barcelona  Barcelona",
      "denominacion_legal": "Leche fermentada desnatada con limón y zumo de lima y bifidus. Con edulcorantes",
      "peso_neto": "480g",
      "sabor": "Limón",
      "cantidad_neta_disgregada": "4x120 g"
    },
    "id": 199
  },
  {
    "url": "https://www.compraonline.alcampo.es/products/monster-energy-ultra-fiesta-bebida-energ%C3%A9tica-con-sabor-a-mango-y-zero-az%C3%BAcar-lata-500ml/407602",
    "nombre": "MONSTER Energy Ultra fiesta Bebida energética con sabor a mango y zero azúcar Lata 500ml",
    "precio": "1,79 €",
    "unidad": "500ml",
    "precio_por_unidad": "3,58 € por litro",
    "nutricion": {
      "valor_energetico_kj": "11.0 Kj",
      "valor_energetico_kcal": "3.0 Kcal",
      "grasas_g": "0.0 g",
      "grasas_saturadas_g": "0.0 g",
      "hidratos_g": "1.3 g",
      "azucares_g": "0.0 g",
      "proteinas_g": "0.0 g",
      "sal_g": "0.2 g"
    },
    "caracteristicas": {
      "nombre_operador": "Monster Energy Limited",
      "direccion_operador": "South Bank House, Barrow Street, Dublin 4, Irlanda",
      "denominacion_legal": "Bebida energética carbonatada, sabor a mango, con taurina, ginseng, cafeína, L-carnitina y vitaminas del grupo B. Con edulcorantes.",
      "formato": "Lata",
      "peso_neto": "0,5l",
      "agrupacion": "Unidad",
      "capacidad": "50 cl.",
      "numero_raciones": "1"
    },
    "id": 200
  },
  {
    "url": "https://www.compraonline.alcampo.es/products/alcampo-ecol%C3%B3gico-bebida-de-arroz-ecol%C3%B3gica-1-l/27155",
    "nombre": "ALCAMPO ECOLÓGICO Bebida de arroz ecológica 1 l.",
    "precio": "1,38 €",
    "unidad": "1000ml",
    "precio_por_unidad": "1,38 € por litro",
    "nutricion": {
      "valor_energetico_kj": "153.0 Kj",
      "valor_energetico_kcal": "36.0 Kcal",
      "grasas_g": "0.7 g",
      "grasas_saturadas_g": "0.1 g",
      "hidratos_g": "7.4 g",
      "azucares_g": "2.5 g",
      "proteinas_g": "0.5 g",
      "sal_g": "0.05 g"
    },
    "caracteristicas": {
      "nombre_operador": "Alcampo SA",
      "direccion_operador": "C/ Santiago de Compostela Sur S/N - 28029 Madrid Departamento de Calidad",
      "pais_origen": "Francia",
      "lugar_procedencia": "Saint Denis de l´hôtel",
      "denominacion_legal": "Bebida de Arroz ecologica",
      "peso_neto": "1l",
      "cantidad_neta_disgregada": "6x1L"
    },
    "id": 201
  },
  {
    "url": "https://www.compraonline.alcampo.es/products/ruffles-patatas-fritas-onduladas-con-sabor-a-jam%C3%B3n-bolsa-de-243-g/14302",
    "nombre": "RUFFLES Patatas fritas onduladas con sabor a jamón bolsa de 243 g.",
    "precio": "2,39 €",
    "unidad": "243g",
    "precio_por_unidad": "9,84 € por kilogramo",
    "nutricion": {
      "valor_energetico_kj": "2136.0 Kj",
      "valor_energetico_kcal": "512.0 Kcal",
      "grasas_g": "30.0 g",
      "grasas_saturadas_g": "2.3 g",
      "hidratos_g": "51.0 g",
      "azucares_g": "1.0 g",
      "proteinas_g": "6.5 g",
      "sal_g": "1.7 g"
    },
    "caracteristicas": {
      "nombre_operador": "PEPSICO FOODS AIE",
      "direccion_operador": "CALLE MARIE CURIE, 7 PLANTA 1, EDIFICIO 8 VITORIA-GASTEIZ, ALAVA",
      "denominacion_legal": "Patatas fritas con sabor a jamón",
      "peso_neto": "243g"
    },
    "id": 202
  },
  {
    "url": "https://www.compraonline.alcampo.es/products/old-el-paso-tortillas-de-trigo-wrap-old-el-paso-370-gr/435947",
    "nombre": "OLD EL PASO Tortillas de trigo wrap OLD EL PASO 370 gr.",
    "precio": "3,04 €",
    "unidad": "370g",
    "precio_por_unidad": "8,22 € por kilogramo",
    "nutricion": {
      "valor_energetico_kj": "1367.0 Kj",
      "valor_energetico_kcal": "324.0 Kcal",
      "grasas_g": "7.2 g",
      "grasas_saturadas_g": "1.8 g",
      "hidratos_g": "54.4 g",
      "azucares_g": "1.8 g",
      "proteinas_g": "9.5 g",
      "sal_g": "1.08 g"
    },
    "caracteristicas": {
      "nombre_operador": "General Mills Ibérica S.A.U.",
      "direccion_operador": "Serrano Galvache, 56, Complejo Parque Norte, Edificio Álamo, planta 12, 28033 Madrid (España)",
      "denominacion_legal": "Tortillas de trigo",
      "peso_neto": "467g",
      "numero_raciones": "Contiene 8 porciones",
      "signo_estimacion": "Si"
    },
    "id": 203
  },
  {
    "url": "https://www.compraonline.alcampo.es/products/moskovskaya-vodka-blanco-de-triple-destilaci%C3%B3n-botella-de-70-cl/33228",
    "nombre": "MOSKOVSKAYA Vodka blanco de triple destilación botella de 70 cl.",
    "precio": "9,49 €",
    "unidad": "700ml",
    "precio_por_unidad": "13,56 € por litro",
    "nutricion": {
      "valor_energetico_kj": "145.0 Kj",
      "valor_energetico_kcal": "34.0 Kcal",
      "grasas_g": "0.0 g",
      "grasas_saturadas_g": "0.0 g",
      "hidratos_g": "8.5 g",
      "azucares_g": "8.5 g",
      "proteinas_g": "0.0 g",
      "sal_g": "0.0 g"
    },
    "caracteristicas": {
      "nombre_operador": "Import. Export. Varma S.A.",
      "direccion_operador": "C/ La granja, 15 - Pol. Industrial Alcobendas. 28108 Alcobendas (Madrid) - España",
      "denominacion_legal": "Vodka",
      "capacidad": "70 cl.",
      "signo_estimacion": "Si"
    },
    "id": 204
  },
  {
    "url": "https://www.compraonline.alcampo.es/products/la-espa%C3%B1ola-aceite-de-oliva-virgen-extra-garrafa-de-5-l/882535",
    "nombre": "LA ESPAÑOLA Aceite de oliva virgen extra garrafa de 5 l.",
    "precio": "32,95 €",
    "unidad": "5000ml",
    "precio_por_unidad": "6,59 € por litro",
    "nutricion": {
      "valor_energetico_kj": "3381.0 Kj",
      "valor_energetico_kcal": "822.0 Kcal",
      "grasas_g": "91.0 g",
      "grasas_saturadas_g": "12.0 g",
      "hidratos_g": "0.0 g",
      "azucares_g": "0.0 g",
      "proteinas_g": "0.0 g",
      "sal_g": "0.0 g"
    },
    "caracteristicas": {
      "nombre_operador": "Aceites del Sur- Coosur S.A.",
      "direccion_operador": "Ctra. La Carolina Km 29. 23220 Vilches (Jaén)",
      "pais_origen": "España",
      "denominacion_legal": "Aceite de Oliva Virgen Extra",
      "formato": "Garrafa",
      "peso_neto": "5l",
      "signo_estimacion": "Si"
    },
    "id": 205
  },
  {
    "url": "https://www.compraonline.alcampo.es/products/rana-raviolis-de-pasta-fresca-al-huevo-rellenos-de-riqu%C3%ADsima-carne-de-pollo-asado-rana-cl%C3%A1sica-250-g/917484",
    "nombre": "RANA Raviolis de pasta fresca al huevo, rellenos de riquísima carne de pollo asado RANA Clásica 250 g.",
    "precio": "3,33 €",
    "unidad": "250g",
    "precio_por_unidad": "13,32 € por kilogramo",
    "nutricion": {
      "valor_energetico_kj": "1103.0 Kj",
      "valor_energetico_kcal": "263.0 Kcal",
      "grasas_g": "11.0 g",
      "grasas_saturadas_g": "5.2 g",
      "hidratos_g": "26.0 g",
      "azucares_g": "3.2 g",
      "proteinas_g": "13.0 g",
      "sal_g": "0.92 g"
    },
    "caracteristicas": {
      "nombre_operador": "Rana Hispania sau",
      "direccion_operador": "Avda Hermanos Bou 31, 12003 Castellon de la plana",
      "pais_origen": "Italia",
      "denominacion_legal": "pasta fresca Ravioli pollo asado",
      "peso_neto": "250g",
      "numero_raciones": "2",
      "signo_estimacion": "Si"
    },
    "id": 206
  },
  {
    "url": "https://www.compraonline.alcampo.es/products/pro-activ-materia-grasa-para-untar-vegetal-35-con-esteroles-225-g/676011",
    "nombre": "PRO ACTIV Materia grasa para untar vegetal 35% con esteroles 225 g.",
    "precio": "2,49 €",
    "unidad": "225g",
    "precio_por_unidad": "11,07 € por kilogramo",
    "nutricion": {
      "valor_energetico_kj": "1296.0 Kj",
      "valor_energetico_kcal": "315.0 Kcal",
      "grasas_g": "35.0 g",
      "grasas_saturadas_g": "7.6 g",
      "hidratos_g": "0.5 g",
      "azucares_g": "0.5 g",
      "proteinas_g": "0.5 g",
      "sal_g": "0.3 g"
    },
    "caracteristicas": {
      "nombre_operador": "Upfield España, S.L.U.",
      "direccion_operador": "C/Balmes 268, 5ª planta - 08006 Barcelona",
      "pais_origen": "Portugal",
      "denominacion_legal": "Materia grasa vegetal para untar 35% con esteroles vegetales",
      "peso_neto": "225g",
      "signo_estimacion": "Si"
    },
    "id": 207
  },
  {
    "url": "https://www.compraonline.alcampo.es/products/la-chouffe-cerveza-de-importaci%C3%B3n-belga-33-cl/58983",
    "nombre": "LA CHOUFFE Cerveza de importación Belga 33 cl.",
    "precio": "1,99 €",
    "unidad": "330ml",
    "precio_por_unidad": "6,03 € por litro",
    "nutricion": {
      "valor_energetico_kj": "255.0 Kj",
      "valor_energetico_kcal": "61.0 Kcal",
      "grasas_g": "0.0 g",
      "grasas_saturadas_g": "0.0 g",
      "hidratos_g": "3.9 g",
      "azucares_g": "0.0 g",
      "proteinas_g": "0.3 g",
      "sal_g": "0.01 g"
    },
    "caracteristicas": {
      "nombre_operador": "Duvel Moortgat España, S.L.",
      "direccion_operador": "Calle del Divino Pastor, bajo B, 28004 - Madrid (España)",
      "pais_origen": "Bélgica",
      "denominacion_legal": "Cerveza rubia fuerte.",
      "formato": "Botella",
      "peso_neto": "330ml",
      "agrupacion": "Unidad",
      "capacidad": "33 cl.",
      "signo_estimacion": "Si"
    },
    "id": 208
  },
  {
    "url": "https://www.compraonline.alcampo.es/products/valentina-salsa-negra-picante-valentina-370-ml/621694",
    "nombre": "VALENTINA Salsa negra picante VALENTINA 370 ml",
    "precio": "2,69 €",
    "unidad": "370ml",
    "precio_por_unidad": "7,27 € por litro",
    "nutricion": {
      "valor_energetico_kj": "0.0 Kj",
      "valor_energetico_kcal": "0.0 Kcal",
      "grasas_g": "0.0 g",
      "grasas_saturadas_g": "0.0 g",
      "hidratos_g": "0.0 g",
      "azucares_g": "0.0 g",
      "proteinas_g": "0.0 g",
      "sal_g": "4.8 g"
    },
    "caracteristicas": {
      "nombre_operador": "Importaciones cuesta S.L.",
      "direccion_operador": "C/ del Puerto de Guadarrama, 28 - 28935 -Móstoles (Madrid).",
      "pais_origen": "Mexico",
      "denominacion_legal": "Salsa muy picante etiqueta negra",
      "peso_neto": "370ml"
    },
    "id": 209
  },
  {
    "url": "https://www.compraonline.alcampo.es/products/pe%C3%B1ascal-vino-semiseco-rosado-de-aguja-con-i-g-p-vino-de-la-tierra-de-castilla-y-le%C3%B3n-botella-75-cl/30567",
    "nombre": "PEÑASCAL  Vino semiseco rosado de aguja con I.G.P. Vino de la Tierra de Castilla y León botella 75 cl.",
    "precio": "3,35 €",
    "nutricion": {
      "valor_energetico_kj": "323.0 Kj",
      "valor_energetico_kcal": "77.0 Kcal",
      "grasas_g": "0.1 g",
      "grasas_saturadas_g": "0.1 g",
      "hidratos_g": "4.4 g",
      "azucares_g": "2.2 g",
      "proteinas_g": "0.5 g",
      "sal_g": "0.02 g"
    },
    "caracteristicas": {
      "nombre_operador": "BODEGAS PEÑASCAL",
      "direccion_operador": "Ctra. Valladolid a Segovia, 47140 Laguna de Duero, Valladolid",
      "denominacion_legal": "Vino Rosado de Aguja",
      "signo_estimacion": "Si"
    },
    "id": 210
  },
  {
    "url": "https://www.compraonline.alcampo.es/products/el-pozo-1954-pechuga-de-pavo-braseada-de-origen-100-nacional-loncha-normal-2-a-3-mm/96806-LONCHA-NORMAL-2-A-3-MM",
    "nombre": "EL POZO 1954 Pechuga de pavo braseada de origen 100% nacional - Loncha normal 2 a 3 mm",
    "precio": "2,75 €",
    "unidad": "Rango de peso: 127.5g - 212.5g",
    "precio_por_unidad": "16,20 € por kilogramo",
    "nutricion": {
      "valor_energetico_kj": "314.0 Kj",
      "valor_energetico_kcal": "74.0 Kcal",
      "grasas_g": "1.5 g",
      "grasas_saturadas_g": "0.4 g",
      "hidratos_g": "0.7 g",
      "azucares_g": "0.5 g",
      "proteinas_g": "14.5 g",
      "sal_g": "1.8 g"
    },
    "caracteristicas": {
      "nombre_operador": "ELPOZO ALIMENTACIÓN S.A.",
      "direccion_operador": "Avda. Antonio Fuertes, 1 30840 Alhama De Murcia (Murcia)",
      "lugar_procedencia": "Región de Murcia - ESPAÑA",
      "denominacion_legal": "PECHUGA DE PAVO COCIDA. Sabor ahumado.",
      "peso_neto": "5kg"
    },
    "id": 211
  },
  {
    "url": "https://www.compraonline.alcampo.es/products/la-coste%C3%B1a-salsa-mexicana-casera-a-base-de-tomates-y-verduras-especial-fajitas-la-coste%C3%B1a-250-g/44426",
    "nombre": "LA COSTEÑA Salsa mexicana casera a base de tomates y verduras especial fajitas LA COSTEÑA 250 g.",
    "precio": "3,79 €",
    "unidad": "250g",
    "precio_por_unidad": "15,16 € por kilogramo",
    "nutricion": {
      "valor_energetico_kj": "85.0 Kj",
      "valor_energetico_kcal": "20.0 Kcal",
      "grasas_g": "0.0 g",
      "grasas_saturadas_g": "0.0 g",
      "hidratos_g": "4.0 g",
      "azucares_g": "1.0 g",
      "proteinas_g": "1.0 g",
      "sal_g": "2.07 g"
    },
    "caracteristicas": {
      "nombre_operador": "Central Mexicana de Abastos S.L.",
      "direccion_operador": "Puerto de Guadarrama 30, Pol Ind. Las Nieves 28935 Móstoles, Madrid.",
      "pais_origen": "Mexico",
      "denominacion_legal": "Salsa mexicana casera 250g",
      "peso_neto": "250g"
    },
    "id": 212
  },
  {
    "url": "https://www.compraonline.alcampo.es/products/alhambra-tradicional-cerveza-botella-1-l/30585",
    "nombre": "ALHAMBRA Tradicional Cerveza botella 1 l.",
    "precio": "1,85 €",
    "unidad": "1000ml",
    "precio_por_unidad": "1,85 € por litro",
    "nutricion": {
      "valor_energetico_kj": "168.0 Kj",
      "valor_energetico_kcal": "40.0 Kcal",
      "grasas_g": "0.0 g",
      "grasas_saturadas_g": "0.0 g",
      "hidratos_g": "34.0 g",
      "azucares_g": "2.0 g",
      "proteinas_g": "3.0 g",
      "sal_g": "0.0 g"
    },
    "caracteristicas": {
      "nombre_operador": "MAHOU, S.A.",
      "direccion_operador": "Calle Titán, 15  28045  Madrid",
      "pais_origen": "España",
      "denominacion_legal": "CERVEZA",
      "formato": "Botella",
      "peso_neto": "1l",
      "agrupacion": "Unidad",
      "capacidad": "1 litro",
      "signo_estimacion": "Si"
    },
    "id": 213
  },
  {
    "url": "https://www.compraonline.alcampo.es/products/goya-pan-de-queso-300-g/515225",
    "nombre": "GOYA Pan de queso 300 g.",
    "precio": "4,48 €",
    "unidad": "300g",
    "precio_por_unidad": "14,93 € por kilogramo",
    "nutricion": {
      "valor_energetico_kj": "995.0 Kj",
      "valor_energetico_kcal": "237.0 Kcal",
      "grasas_g": "11.0 g",
      "grasas_saturadas_g": "3.5 g",
      "hidratos_g": "29.8 g",
      "azucares_g": "0.5 g",
      "proteinas_g": "3.9 g",
      "sal_g": "1.39 g"
    },
    "caracteristicas": {
      "nombre_operador": "Goya Europa S.L.U.",
      "direccion_operador": "Avda. de la Constitución, 115 Pol. Industrial Monte Boyal 45950 Casarrubios del Monte (Toledo) España",
      "pais_origen": "Portugal",
      "denominacion_legal": "Pan de queso",
      "peso_neto": "300g",
      "numero_raciones": "Caja de 300 g"
    },
    "id": 214
  },
  {
    "url": "https://www.compraonline.alcampo.es/products/sch%C3%A4r-panecillos-precocinados-sin-gluten-y-sin-lactosa-6-x-58-g/68798",
    "nombre": "SCHÄR Panecillos precocinados sin gluten y sin lactosa 6 x 58 g.",
    "precio": "3,70 €",
    "unidad": "350g",
    "precio_por_unidad": "10,57 € por kilogramo",
    "nutricion": {
      "valor_energetico_kj": "1023.0 Kj",
      "valor_energetico_kcal": "243.0 Kcal",
      "grasas_g": "4.1 g",
      "grasas_saturadas_g": "0.9 g",
      "hidratos_g": "45.0 g",
      "azucares_g": "1.6 g",
      "proteinas_g": "2.9 g",
      "sal_g": "1.3 g"
    },
    "caracteristicas": {
      "nombre_operador": "Dr. Schär España S.L.U",
      "direccion_operador": "P. I. La Ciruela, Avda. de Repol, parcela n°2 - 50630 Alagón, Zaragoza",
      "denominacion_legal": "Pan sin gluten - congelado",
      "peso_neto": "350g",
      "cantidad_neta_disgregada": "6x58 gr",
      "signo_estimacion": "Si"
    },
    "id": 215
  },
  {
    "url": "https://www.compraonline.alcampo.es/products/ensalada-r%C3%BAcula-florette-primeros-brotes-100-g/56858",
    "nombre": "Ensalada rúcula FLORETTE PRIMEROS BROTES 100 g.",
    "precio": "2,29 €",
    "unidad": "100g",
    "precio_por_unidad": "22,90 € por kilogramo",
    "nutricion": {
      "valor_energetico_kj": "89.0 Kj",
      "valor_energetico_kcal": "21.0 Kcal",
      "grasas_g": "0.6 g",
      "grasas_saturadas_g": "0.2 g",
      "hidratos_g": "0.2 g",
      "azucares_g": "0.1 g",
      "proteinas_g": "3.0 g",
      "sal_g": "0.41 g"
    },
    "caracteristicas": {
      "nombre_operador": "Florette Iberica Alimentaria S.L.",
      "direccion_operador": "P.I. El Olivo. C/2 nº 1. 31320 Milagro (Navarra)",
      "pais_origen": "España",
      "denominacion_legal": "Ensalada lista para consumir",
      "peso_neto": "100g",
      "numero_raciones": "2.5 porciones de 40g"
    },
    "id": 216
  },
  {
    "url": "https://www.compraonline.alcampo.es/products/el-pozo-1954-corte-fresco-jam%C3%B3n-c%C3%B3cido-sin-colorantes-cortado-en-finas-lonchas-120-g/638213",
    "nombre": "EL POZO 1954 Corte fresco Jamón cócido sin colorantes, cortado en finas lonchas 120 g.",
    "precio": "1,89 €",
    "unidad": "120g",
    "precio_por_unidad": "15,75 € por kilogramo",
    "nutricion": {
      "valor_energetico_kj": "468.0 Kj",
      "valor_energetico_kcal": "111.0 Kcal",
      "grasas_g": "3.5 g",
      "grasas_saturadas_g": "1.2 g",
      "hidratos_g": "0.5 g",
      "azucares_g": "0.5 g",
      "proteinas_g": "19.4 g",
      "sal_g": "1.9 g"
    },
    "caracteristicas": {
      "nombre_operador": "ELPOZO ALIMENTACIÓN S.A.",
      "direccion_operador": "Avda. Antonio Fuertes, 1 30840 Alhama De Murcia (Murcia)",
      "lugar_procedencia": "Región de Murcia - ESPAÑA",
      "denominacion_legal": "JAMÓN COCIDO EXTRA. SABOR AHUMADO.",
      "peso_neto": "120g"
    },
    "id": 217
  },
  {
    "url": "https://www.compraonline.alcampo.es/products/starbucks-bebida-de-caf%C3%A9-y-proteina-20-g-sabor-chocolate-33-cl/569307",
    "nombre": "STARBUCKS Bebida de café y proteina (20 g) sabor chocolate 33 cl.",
    "precio": "2,24 €",
    "unidad": "330ml",
    "precio_por_unidad": "6,78 € por litro",
    "nutricion": {
      "valor_energetico_kj": "215.0 Kj",
      "valor_energetico_kcal": "51.0 Kcal",
      "grasas_g": "1.1 g",
      "grasas_saturadas_g": "0.7 g",
      "hidratos_g": "4.0 g",
      "azucares_g": "3.8 g",
      "proteinas_g": "6.1 g",
      "sal_g": "0.0 g"
    },
    "caracteristicas": {
      "nombre_operador": "Arla Foods",
      "direccion_operador": "C/José Echegaray, 8, Edificio III, bajo, oficina 2, 28232 Las Rozas, Madrid, España,",
      "denominacion_legal": "Bebida de leche, café",
      "peso_neto": "344g"
    },
    "id": 218
  },
  {
    "url": "https://www.compraonline.alcampo.es/products/don-simon-n%C3%A9ctar-sin-az%C3%BAcar-a%C3%B1adido-de-granada-y-uva-botella-de-1-5-l/35636",
    "nombre": "DON SIMON Néctar sin azúcar añadido de granada y uva botella de 1,5 l.",
    "precio": "1,50 €",
    "unidad": "1500ml",
    "precio_por_unidad": "1,00 € por litro",
    "nutricion": {
      "valor_energetico_kj": "92.0 Kj",
      "valor_energetico_kcal": "22.0 Kcal",
      "grasas_g": "0.0 g",
      "grasas_saturadas_g": "0.0 g",
      "hidratos_g": "5.3 g",
      "azucares_g": "5.3 g",
      "proteinas_g": "0.1 g",
      "sal_g": "0.01 g"
    },
    "caracteristicas": {
      "nombre_operador": "JGC S.A",
      "direccion_operador": "C/Jorge Juan, 73 28009 Madrid España",
      "pais_origen": "España",
      "denominacion_legal": "Bebida de zumo de frutas. Con edulcorante. Contenido de fruta: mín 35 %",
      "formato": "Botella",
      "peso_neto": "1500ml",
      "sabor": "Multifrutas",
      "agrupacion": "Unidad",
      "signo_estimacion": "Si"
    },
    "id": 219
  },
  {
    "url": "https://www.compraonline.alcampo.es/products/central-lechera-asturiana-leche-desnatada-0-materia-grasa-sin-lactosa-6-x-1l/89402",
    "nombre": "CENTRAL LECHERA ASTURIANA Leche desnatada 0% materia grasa sin lactosa  6 x 1l.",
    "precio": "7,86 €",
    "unidad": "6000ml",
    "precio_por_unidad": "1,31 € por litro",
    "nutricion": {
      "valor_energetico_kj": "151.0 Kj",
      "valor_energetico_kcal": "36.0 Kcal",
      "grasas_g": "0.1 g",
      "grasas_saturadas_g": "0.07 g",
      "hidratos_g": "4.8 g",
      "azucares_g": "4.8 g",
      "proteinas_g": "3.4 g",
      "sal_g": "0.17 g"
    },
    "caracteristicas": {
      "nombre_operador": "Corporación Alimentaria Peñasanta S.A",
      "direccion_operador": "Sierra de Granda, s/n 33199 Siero, Asturias",
      "denominacion_legal": "Leche UHT 0%MG sin lactosa enriquecida en calcio, fósforo y vitamina D",
      "formato": "Brick",
      "peso_neto": "6l",
      "agrupacion": "Pack de  6",
      "numero_raciones": "Esta agrupación contiene 24 vasos de 250ml"
    },
    "id": 220
  },
  {
    "url": "https://www.compraonline.alcampo.es/products/extr%C3%A8me-de-nestl%C3%A9-conos-de-helado-de-lim%C3%B3n-y-tarta-de-queso-6-x-110-ml/949793",
    "nombre": "EXTRÈME de Nestlé Conos de helado de limón y tarta de queso 6 x 110 ml.",
    "precio": "3,99 €",
    "unidad": "660ml",
    "precio_por_unidad": "6,05 € por litro",
    "nutricion": {
      "valor_energetico_kj": "1139.0 Kj",
      "valor_energetico_kcal": "271.0 Kcal",
      "grasas_g": "10.0 g",
      "grasas_saturadas_g": "7.1 g",
      "hidratos_g": "41.0 g",
      "azucares_g": "27.0 g",
      "proteinas_g": "2.8 g",
      "sal_g": "0.14 g"
    },
    "caracteristicas": {
      "nombre_operador": "Froneri Iberia, S.L.",
      "direccion_operador": "Zona Industrial Araia c/Intxerdui, 5 01250 ARAIA (Álava) España",
      "denominacion_legal": "Helado de queso blanco pasterizado y helado de limón con barquillo de trigo, salsa de limón (14 %) y trozos de galleta (2,5 %) con canela.",
      "peso_neto": "426g",
      "sabor": "Limón",
      "numero_raciones": "Este envase contiene 6 unidades",
      "cantidad_neta_disgregada": "6x110ml, 6x71g",
      "signo_estimacion": "Si"
    },
    "id": 221
  },
  {
    "url": "https://www.compraonline.alcampo.es/products/bitter-kas-bitter-sin-alcohol-lata-33-cl/30960",
    "nombre": "BITTER KAS Bitter sin alcohol lata 33 cl.",
    "precio": "0,92 €",
    "unidad": "330ml",
    "precio_por_unidad": "2,79 € por litro",
    "nutricion": {
      "valor_energetico_kj": "82.0 Kj",
      "valor_energetico_kcal": "19.0 Kcal",
      "grasas_g": "0.0 g",
      "grasas_saturadas_g": "0.0 g",
      "hidratos_g": "4.0 g",
      "azucares_g": "4.0 g",
      "proteinas_g": "0.0 g",
      "sal_g": "0.0 g"
    },
    "caracteristicas": {
      "nombre_operador": "COMPAÑIA DE BEBIDAS PEPSICO SL",
      "direccion_operador": "CALLE MARIE CURIE, 7 PLANTA 1, EDIFICIO 8 VITORIA-GASTEIZ, ALAVA",
      "denominacion_legal": "Bebida refrescante de extractos con azúcares y edulcorantes",
      "formato": "Lata",
      "peso_neto": "330g",
      "sabor": "Otros sabores",
      "agrupacion": "Unidad",
      "capacidad": "33 cl."
    },
    "id": 222
  },
  {
    "url": "https://www.compraonline.alcampo.es/products/activia-b%C3%ADfidus-con-frutos-del-bosque-de-danone-4-x-120-g/59802",
    "nombre": "ACTIVIA Bífidus con frutos del bosque de Danone 4 x 120 g.",
    "precio": "2,89 €",
    "unidad": "480g",
    "precio_por_unidad": "6,02 € por kilogramo",
    "nutricion": {
      "valor_energetico_kj": "360.0 Kj",
      "valor_energetico_kcal": "86.0 Kcal",
      "grasas_g": "2.8 g",
      "grasas_saturadas_g": "1.7 g",
      "hidratos_g": "11.6 g",
      "azucares_g": "11.2 g",
      "proteinas_g": "3.6 g",
      "sal_g": "0.1 g"
    },
    "caracteristicas": {
      "nombre_operador": "Danone S.A.",
      "direccion_operador": "Buenos aires, 21 08029 Barcelona  Barcelona",
      "denominacion_legal": "Leche fermentada con bifidus. Con frutos del bosque.",
      "peso_neto": "480g",
      "sabor": "Frutos rojos",
      "cantidad_neta_disgregada": "4x120 g"
    },
    "id": 223
  },
  {
    "url": "https://www.compraonline.alcampo.es/products/producto-alcampo-pasta-spaghetti-sin-gluten-producto-alcampo-500-g/610185",
    "nombre": "PRODUCTO ALCAMPO Pasta spaghetti sin gluten PRODUCTO ALCAMPO 500 g.",
    "precio": "1,98 €",
    "unidad": "500g",
    "precio_por_unidad": "3,96 € por kilogramo",
    "nutricion": {
      "valor_energetico_kj": "1466.0 Kj",
      "valor_energetico_kcal": "345.0 Kcal",
      "grasas_g": "0.8 g",
      "grasas_saturadas_g": "0.0 g",
      "hidratos_g": "79.0 g",
      "azucares_g": "1.0 g",
      "proteinas_g": "5.5 g",
      "sal_g": "0.0 g"
    },
    "caracteristicas": {
      "nombre_operador": "Mercontrol",
      "direccion_operador": "Juan de la Cierva, 36. 28823 COSLADA ( Madrid ).",
      "denominacion_legal": "Pasta sin gluten",
      "peso_neto": "500g",
      "signo_estimacion": "Si"
    },
    "id": 224
  },
  {
    "url": "https://www.compraonline.alcampo.es/products/doritos-nachos-de-ma%C3%ADz-con-sabor-a-chilli-doritos-bolsa-de-140-g/11708",
    "nombre": "DORITOS Nachos de maíz con sabor a chilli DORITOS bolsa de 140 g.",
    "precio": "1,78 €",
    "unidad": "150g",
    "precio_por_unidad": "11,87 € por kilogramo",
    "nutricion": {
      "valor_energetico_kj": "2003.0 Kj",
      "valor_energetico_kcal": "478.0 Kcal",
      "grasas_g": "22.0 g",
      "grasas_saturadas_g": "2.0 g",
      "hidratos_g": "60.0 g",
      "azucares_g": "4.5 g",
      "proteinas_g": "6.4 g",
      "sal_g": "1.1 g"
    },
    "caracteristicas": {
      "nombre_operador": "PEPSICO FOODS AIE",
      "direccion_operador": "CALLE MARIE CURIE, 7 PLANTA 1, EDIFICIO 8 VITORIA-GASTEIZ, ALAVA",
      "denominacion_legal": "Producto de aperitivo de maíz con sabor a chile dulce",
      "peso_neto": "140g"
    },
    "id": 225
  },
  {
    "url": "https://www.compraonline.alcampo.es/products/fanta-zero-refresco-de-naranja-sin-az%C3%BAcares-a%C3%B1adidos-botella-de-2-l/437839",
    "nombre": "FANTA ZERO  Refresco de naranja sin azúcares añadidos botella de 2 l.",
    "precio": "1,65 €",
    "unidad": "2000ml",
    "precio_por_unidad": "0,83 € por litro",
    "nutricion": {
      "valor_energetico_kj": "14.0 Kj",
      "valor_energetico_kcal": "3.0 Kcal",
      "grasas_g": "0.0 g",
      "grasas_saturadas_g": "0.0 g",
      "hidratos_g": "0.6 g",
      "azucares_g": "0.6 g",
      "proteinas_g": "0.0 g",
      "sal_g": "0.02 g"
    },
    "caracteristicas": {
      "nombre_operador": "Coca-Cola Europacific Partners Iberia, S.L.U.",
      "direccion_operador": "C/Ribera del Loira 20-22, 28042 - Madrid (España).",
      "denominacion_legal": "Bebida refrescante de zumo de frutas. con edulcorantes.sin azúcares añadidos (^).",
      "formato": "Botella",
      "peso_neto": "2l",
      "sabor": "Naranja",
      "agrupacion": "Unidad",
      "capacidad": "2 litros",
      "numero_raciones": "8"
    },
    "id": 226
  },
  {
    "url": "https://www.compraonline.alcampo.es/products/producto-alcampo-cookies-galletas-con-sabor-a-vainilla-elaboradas-sin-gluten-ni-lactosa-150-g/747718",
    "nombre": "PRODUCTO ALCAMPO Cookies (galletas) con sabor a vainilla, elaboradas sin gluten ni lactosa 150 g.",
    "precio": "2,09 €",
    "unidad": "150g",
    "precio_por_unidad": "13,93 € por kilogramo",
    "nutricion": {
      "valor_energetico_kj": "2115.0 Kj",
      "valor_energetico_kcal": "505.0 Kcal",
      "grasas_g": "24.0 g",
      "grasas_saturadas_g": "18.0 g",
      "hidratos_g": "68.0 g",
      "azucares_g": "28.0 g",
      "proteinas_g": "3.0 g",
      "sal_g": "1.1 g"
    },
    "caracteristicas": {
      "nombre_operador": "TFT FOOD S.L",
      "direccion_operador": "P.I LAS SALINAS. C/ MANANTIAL Nº16. 11500 EL PUERTO DE SANTA MARIA. CADIZ",
      "pais_origen": "España",
      "denominacion_legal": "Galletas sabor vainilla sin gluten",
      "peso_neto": "150g",
      "signo_estimacion": "Si"
    },
    "id": 227
  },
  {
    "url": "https://www.compraonline.alcampo.es/products/bia-bulgur-integral-bia-400-g/214341",
    "nombre": "BIA Bulgur integral BIA 400 g.",
    "precio": "4,74 €",
    "unidad": "400g",
    "precio_por_unidad": "11,85 € por kilogramo",
    "nutricion": {
      "valor_energetico_kj": "1474.0 Kj",
      "valor_energetico_kcal": "349.0 Kcal",
      "grasas_g": "1.8 g",
      "grasas_saturadas_g": "0.26 g",
      "hidratos_g": "65.0 g",
      "azucares_g": "2.4 g",
      "proteinas_g": "11.9 g",
      "sal_g": "0.0 g"
    },
    "caracteristicas": {
      "nombre_operador": "Ofistrade S.A.",
      "direccion_operador": "C/Buenos Aires 38-40, entlo. C - 08036 Barcelona",
      "pais_origen": "Italia",
      "lugar_procedencia": "Italia",
      "denominacion_legal": "Bulgur integral",
      "peso_neto": "400g",
      "cantidad_neta_disgregada": "400",
      "signo_estimacion": "Si"
    },
    "id": 228
  },
  {
    "url": "https://www.compraonline.alcampo.es/products/la-espa%C3%B1ola-aceite-de-oliva-intenso-botella-1-l/29916",
    "nombre": "LA ESPAÑOLA Aceite de oliva intenso botella 1 l.",
    "precio": "5,99 €",
    "unidad": "1000ml",
    "precio_por_unidad": "5,99 € por litro",
    "nutricion": {
      "valor_energetico_kj": "3381.0 Kj",
      "valor_energetico_kcal": "822.0 Kcal",
      "grasas_g": "91.0 g",
      "grasas_saturadas_g": "12.0 g",
      "hidratos_g": "0.0 g",
      "azucares_g": "0.0 g",
      "proteinas_g": "0.0 g",
      "sal_g": "0.0 g"
    },
    "caracteristicas": {
      "nombre_operador": "Aceites del Sur- Coosur S.A.",
      "direccion_operador": "Ctra. La Carolina Km 29. 23220 Vilches (Jaén)",
      "pais_origen": "España",
      "denominacion_legal": "Aceite de oliva - contiene exclusivamente aceites de oliva refinados y aceites de oliva vírgenes",
      "formato": "Botella",
      "peso_neto": "1l",
      "signo_estimacion": "Si"
    },
    "id": 229
  },
  {
    "url": "https://www.compraonline.alcampo.es/products/paulaner-weissbier-cerveza-de-trigo-alemana-lata-de-500-ml/546912",
    "nombre": "PAULANER Weissbier Cerveza de trigo alemana lata de 500 ml.",
    "precio": "1,59 €",
    "unidad": "500ml",
    "precio_por_unidad": "3,18 € por litro",
    "nutricion": {
      "valor_energetico_kj": "47.0 Kj",
      "grasas_g": "0.0 g",
      "grasas_saturadas_g": "0.0 g",
      "hidratos_g": "2.6 g",
      "azucares_g": "0.0 g",
      "proteinas_g": "0.6 g",
      "sal_g": "0.01 g"
    },
    "id": 230
  },
  {
    "url": "https://www.compraonline.alcampo.es/products/calv%C3%A9-mayonesa-casera-frasco-430-ml/911532",
    "nombre": "CALVÉ Mayonesa casera frasco 430 ml.",
    "precio": "2,29 €",
    "unidad": "430ml",
    "precio_por_unidad": "5,33 € por litro",
    "nutricion": {
      "valor_energetico_kj": "1609.0 Kj",
      "valor_energetico_kcal": "391.0 Kcal",
      "grasas_g": "41.0 g",
      "grasas_saturadas_g": "4.9 g",
      "hidratos_g": "5.1 g",
      "azucares_g": "1.5 g",
      "proteinas_g": "0.5 g",
      "sal_g": "0.73 g"
    },
    "caracteristicas": {
      "nombre_operador": "Unilever España S.A.",
      "direccion_operador": "C/Tecnología 19, 08840 Viladecans (Barcelona)",
      "denominacion_legal": "Salsa fina",
      "peso_neto": "430ml"
    },
    "id": 231
  },
  {
    "url": "https://www.compraonline.alcampo.es/products/cune-vino-tinto-crianza-con-d-o-ca-rioja-botella-de-75-cl/31860",
    "nombre": "CUNE  Vino tinto crianza con D.O. Ca. Rioja botella de 75 cl.",
    "precio": "6,95 €",
    "nutricion": {
      "valor_energetico_kj": "363.0 Kj",
      "valor_energetico_kcal": "87.0 Kcal",
      "grasas_g": "0.1 g",
      "grasas_saturadas_g": "0.1 g",
      "hidratos_g": "2.5 g",
      "azucares_g": "0.06 g",
      "proteinas_g": "0.2 g",
      "sal_g": "0.0 g"
    },
    "caracteristicas": {
      "nombre_operador": "Compañia Vinicola del Norte de España S.A",
      "direccion_operador": "Carretera Logroño-Laguardia, Km 4,8",
      "denominacion_legal": "Vino"
    },
    "id": 232
  },
  {
    "url": "https://www.compraonline.alcampo.es/products/actimel-leche-fermentada-con-lcasei-y-con-granada-ar%C3%A1ndanos-y-extracto-de-maca-de-danone-6-x-100-g/866913",
    "nombre": "ACTIMEL Leche fermentada con Lcasei y con granada, arándanos y extracto de Maca de Danone 6 x 100 g.",
    "precio": "3,79 €",
    "unidad": "564ml",
    "precio_por_unidad": "6,72 € por litro",
    "nutricion": {
      "valor_energetico_kj": "301.0 Kj",
      "valor_energetico_kcal": "71.0 Kcal",
      "grasas_g": "1.5 g",
      "grasas_saturadas_g": "1.0 g",
      "hidratos_g": "10.9 g",
      "azucares_g": "10.4 g",
      "proteinas_g": "2.9 g",
      "sal_g": "0.1 g"
    },
    "caracteristicas": {
      "nombre_operador": "Danone S.A.",
      "direccion_operador": "Buenos Aires, 21 - 08029 BARCELONA",
      "denominacion_legal": "Leche fermentada semidesnatada con granada y arándanos y aromatizada con extracto de maca. Con vitaminas (B9 y D) y minerales (hierro y zinc)",
      "formato": "Botella",
      "peso_neto": "600g",
      "sabor": "Otros sabores",
      "cantidad_neta_disgregada": "6x100 g",
      "signo_estimacion": "Si"
    },
    "id": 233
  },
  {
    "url": "https://www.compraonline.alcampo.es/products/producto-alcampo-tortilla-chips-tex-mex-sabor-a-queso-150-g/26902",
    "nombre": "PRODUCTO ALCAMPO Tortilla chips Tex Mex sabor a queso 150 g.",
    "precio": "0,89 €",
    "unidad": "150g",
    "precio_por_unidad": "5,93 € por kilogramo",
    "nutricion": {
      "valor_energetico_kj": "2075.0 Kj",
      "valor_energetico_kcal": "495.0 Kcal",
      "grasas_g": "23.0 g",
      "grasas_saturadas_g": "2.9 g",
      "hidratos_g": "63.0 g",
      "azucares_g": "2.2 g",
      "proteinas_g": "7.0 g",
      "sal_g": "1.4 g"
    },
    "caracteristicas": {
      "nombre_operador": "Alcampo, S.A.",
      "direccion_operador": "c/ Santiago de Compostela, Sur s/n, 28029 Madrid",
      "pais_origen": "España",
      "lugar_procedencia": "España",
      "denominacion_legal": "PRODUCTO DE APERITIVO FRITO DE MAÍZ CON SABOR A QUESO",
      "peso_neto": "150g"
    },
    "id": 234
  },
  {
    "url": "https://www.compraonline.alcampo.es/products/actimel-leche-fermentada-con-lcasei-0-materia-grasa-y-sabor-natural-de-danone-6-x-100-g/54406",
    "nombre": "ACTIMEL Leche fermentada con Lcasei, 0% materia grasa y sabor natural de Danone 6 x 100 g.",
    "precio": "3,79 €",
    "unidad": "600g",
    "precio_por_unidad": "6,32 € por kilogramo",
    "nutricion": {
      "valor_energetico_kj": "130.0 Kj",
      "valor_energetico_kcal": "31.0 Kcal",
      "grasas_g": "0.4 g",
      "grasas_saturadas_g": "0.2 g",
      "hidratos_g": "4.0 g",
      "azucares_g": "4.0 g",
      "proteinas_g": "2.8 g",
      "sal_g": "0.1 g"
    },
    "caracteristicas": {
      "nombre_operador": "Danone S.A.",
      "direccion_operador": "Buenos aires, 21 08029 Barcelona  Barcelona",
      "pais_origen": "España",
      "denominacion_legal": "Leche desnatada fermentada aromatizada con sabor natural, vitaminas (B9 y D) y minerales (hierro y zinc). Con edulcorantes.",
      "formato": "Botella",
      "peso_neto": "800g",
      "sabor": "Natural",
      "cantidad_neta_disgregada": "99ml x 8",
      "signo_estimacion": "Si"
    },
    "id": 235
  },
  {
    "url": "https://www.compraonline.alcampo.es/products/arriaca-cerveza-ipa-sin-alcohol-lata-33-cl/495220",
    "nombre": "ARRIACA Cerveza ipa sin alcohol lata 33 cl.",
    "precio": "1,39 €",
    "unidad": "330ml",
    "precio_por_unidad": "4,21 € por litro",
    "nutricion": {
      "valor_energetico_kj": "117.0 Kj",
      "valor_energetico_kcal": "28.0 Kcal",
      "grasas_g": "0.0 g",
      "grasas_saturadas_g": "0.0 g",
      "hidratos_g": "6.6 g",
      "azucares_g": "2.9 g",
      "proteinas_g": "0.3 g",
      "sal_g": "0.0 g"
    },
    "caracteristicas": {
      "nombre_operador": "Cervezas Arriaca, S.L.U.",
      "direccion_operador": "Avda. de la Industria, 3A Nave 6 - 19210 Yunquera de Henares (Guadalajara)",
      "pais_origen": "España",
      "denominacion_legal": "Cerveza sin alcohol de fabricación artesana",
      "peso_neto": "33cl",
      "cantidad_neta_disgregada": "33cl"
    },
    "id": 236
  },
  {
    "url": "https://www.compraonline.alcampo.es/products/eko-cereales-solubles-para-beber-sin-az%C3%BAcares-a%C3%B1adidos-ecol%C3%B3gico-frasco-de-vidrio-de-150-g/725870",
    "nombre": "EKO Cereales solubles para beber, sin azúcares añadidos ecológico frasco de vidrio de 150 g.",
    "precio": "3,42 €",
    "unidad": "150g",
    "precio_por_unidad": "22,80 € por kilogramo",
    "nutricion": {
      "valor_energetico_kj": "1523.0 Kj",
      "valor_energetico_kcal": "359.0 Kcal",
      "grasas_g": "0.2 g",
      "grasas_saturadas_g": "0.0 g",
      "hidratos_g": "78.6 g",
      "azucares_g": "5.2 g",
      "proteinas_g": "6.9 g",
      "sal_g": "0.18 g"
    },
    "caracteristicas": {
      "nombre_operador": "Nestlé España, S.A.",
      "direccion_operador": "Nestlé España, S.A., Edificio Nestlé, 08950 Esplugues de Llobregat (Barcelona)",
      "pais_origen": "Portugal",
      "denominacion_legal": "Extracto soluble de cereales ecológicos tostados y achicoria ecológica",
      "peso_neto": "150g",
      "numero_raciones": "50 porciones de 3 g",
      "signo_estimacion": "Si"
    },
    "id": 237
  },
  {
    "url": "https://www.compraonline.alcampo.es/products/de-cecco-tagliatelle-500-g/784812",
    "nombre": "DE CECCO Tagliatelle 500 g.",
    "precio": "2,41 €",
    "unidad": "500g",
    "precio_por_unidad": "4,82 € por kilogramo",
    "nutricion": {
      "valor_energetico_kj": "1490.0 Kj",
      "valor_energetico_kcal": "351.0 Kcal",
      "grasas_g": "1.5 g",
      "grasas_saturadas_g": "0.3 g",
      "hidratos_g": "69.0 g",
      "azucares_g": "3.4 g",
      "proteinas_g": "14.0 g",
      "sal_g": "0.0 g"
    },
    "caracteristicas": {
      "nombre_operador": "F.lli De Cecco di Filippo Fara S. Martino S.p.A.",
      "direccion_operador": "Via F. de Cecco, 66015 Fara\nS. Martino (CH) Italia",
      "pais_origen": "Italia",
      "denominacion_legal": "Pasta alimenticia de calidad superior de sémola de trigo duro",
      "peso_neto": "500g",
      "signo_estimacion": "Si"
    },
    "id": 238
  },
  {
    "url": "https://www.compraonline.alcampo.es/products/hellmann-s-salsa-brava-250-ml/25663",
    "nombre": "HELLMANN'S Salsa brava 250 ml.",
    "precio": "1,70 €",
    "unidad": "250ml",
    "precio_por_unidad": "6,80 € por litro",
    "nutricion": {
      "valor_energetico_kj": "1135.0 Kj",
      "valor_energetico_kcal": "271.0 Kcal",
      "grasas_g": "26.0 g",
      "grasas_saturadas_g": "2.1 g",
      "hidratos_g": "7.2 g",
      "azucares_g": "3.6 g",
      "proteinas_g": "0.9 g",
      "sal_g": "1.9 g"
    },
    "caracteristicas": {
      "nombre_operador": "Unilever España, S.A.",
      "direccion_operador": "C/ Tecnología 19, 08840 Viladecans (Barcelona)",
      "pais_origen": "España",
      "denominacion_legal": "Salsa Brava",
      "peso_neto": "250ml",
      "numero_raciones": "17"
    },
    "id": 239
  },
  {
    "url": "https://www.compraonline.alcampo.es/products/producto-alcampo-panela-sin-refinar-az%C3%BAcar-moreno-de-ca%C3%B1a-integral-500-ml/947705",
    "nombre": "PRODUCTO ALCAMPO Panela sin refinar (azúcar moreno de caña integral) 500 ml.",
    "precio": "1,98 €",
    "unidad": "500g",
    "precio_por_unidad": "3,96 € por kilogramo",
    "nutricion": {
      "valor_energetico_kj": "1651.0 Kj",
      "valor_energetico_kcal": "389.0 Kcal",
      "grasas_g": "0.6 g",
      "grasas_saturadas_g": "0.0 g",
      "hidratos_g": "95.0 g",
      "azucares_g": "95.0 g",
      "proteinas_g": "0.8 g",
      "sal_g": "0.0 g"
    },
    "caracteristicas": {
      "nombre_operador": "Alcampo, S.A.",
      "direccion_operador": "c/ Santiago de Compostela, Sur s/n, 28029 Madrid",
      "pais_origen": "Colombia",
      "lugar_procedencia": "Colombia",
      "denominacion_legal": "Azúcar moreno de caña integral",
      "peso_neto": "500g"
    },
    "id": 240
  },
  {
    "url": "https://www.compraonline.alcampo.es/products/mahou-5-estrellas-cervezas-pack-de-12-latas-de-33-cl/35476",
    "nombre": "MAHOU 5 ESTRELLAS Cervezas pack de 12 latas de 33 cl.",
    "precio": "7,92 €",
    "unidad": "3960ml",
    "precio_por_unidad": "2,00 € por litro",
    "nutricion": {
      "valor_energetico_kj": "205.0 Kj",
      "valor_energetico_kcal": "49.0 Kcal",
      "grasas_g": "0.0 g",
      "grasas_saturadas_g": "0.0 g",
      "hidratos_g": "3.9 g",
      "azucares_g": "0.1 g",
      "proteinas_g": "0.4 g",
      "sal_g": "0.0 g"
    },
    "caracteristicas": {
      "nombre_operador": "MAHOU, S.A.",
      "direccion_operador": "Calle Titán, 15  28045  Madrid",
      "pais_origen": "España",
      "denominacion_legal": "CERVEZA ESPECIAL",
      "formato": "Lata",
      "peso_neto": "3,96l",
      "agrupacion": "Pack de 12",
      "capacidad": "33 cl.",
      "signo_estimacion": "Si"
    },
    "id": 241
  },
  {
    "url": "https://www.compraonline.alcampo.es/products/ta-tung-dim-sum-gyoza-de-lomo-glaseado-listas-para-calentar-y-comer-144-g/953479",
    "nombre": "TA-TUNG Dim Sum Gyoza de lomo glaseado, listas para calentar y comer 144 g.",
    "precio": "3,60 €",
    "unidad": "144g",
    "precio_por_unidad": "25,00 € por kilogramo",
    "nutricion": {
      "valor_energetico_kj": "750.0 Kj",
      "valor_energetico_kcal": "178.0 Kcal",
      "grasas_g": "4.8 g",
      "grasas_saturadas_g": "1.1 g",
      "hidratos_g": "23.0 g",
      "azucares_g": "1.8 g",
      "proteinas_g": "8.9 g",
      "sal_g": "2.1 g"
    },
    "caracteristicas": {
      "nombre_operador": "Ta-Tung platos precocinados, S.L.",
      "direccion_operador": "Avda. de Torrelles de Llobregat, s/n. - Poligono La Barruana - 08620 Sant Vicenç dels Horts (Barcelona)",
      "denominacion_legal": "Dim sum Gyoza de lomo",
      "peso_neto": "144g"
    },
    "id": 242
  },
  {
    "url": "https://www.compraonline.alcampo.es/products/barilla-pasta-tagliatelle-al-huevo-barilla-450-g/950125",
    "nombre": "BARILLA Pasta tagliatelle al huevo BARILLA 450 g.",
    "precio": "3,94 €",
    "unidad": "450g",
    "precio_por_unidad": "8,76 € por kilogramo",
    "nutricion": {
      "valor_energetico_kj": "1554.0 Kj",
      "valor_energetico_kcal": "367.0 Kcal",
      "grasas_g": "4.0 g",
      "grasas_saturadas_g": "1.0 g",
      "hidratos_g": "67.3 g",
      "azucares_g": "3.0 g",
      "proteinas_g": "14.0 g",
      "sal_g": "0.0 g"
    },
    "caracteristicas": {
      "nombre_operador": "Barilla G. e R. Fratelli",
      "direccion_operador": "Via Mantova 166, Parma - Italy.",
      "pais_origen": "Italia",
      "denominacion_legal": "pasta alimenticia de sémola de trigo duro al huevo",
      "peso_neto": "450g"
    },
    "id": 243
  },
  {
    "url": "https://www.compraonline.alcampo.es/products/calv%C3%A9-salsa-rosa-225-ml/15474",
    "nombre": "CALVÉ Salsa rosa 225 ml.",
    "precio": "1,89 €",
    "unidad": "225ml",
    "precio_por_unidad": "8,40 € por litro",
    "nutricion": {
      "valor_energetico_kj": "1952.0 Kj",
      "valor_energetico_kcal": "467.0 Kcal",
      "grasas_g": "47.0 g",
      "grasas_saturadas_g": "7.5 g",
      "hidratos_g": "10.0 g",
      "azucares_g": "7.2 g",
      "proteinas_g": "1.2 g",
      "sal_g": "1.0 g"
    },
    "caracteristicas": {
      "nombre_operador": "Unilever España, S.A.",
      "direccion_operador": "C/ Tecnología 19, 08840 Viladecans (Barcelona)",
      "pais_origen": "Polonia",
      "denominacion_legal": "Salsa rosa",
      "peso_neto": "210ml",
      "numero_raciones": "14"
    },
    "id": 244
  },
  {
    "url": "https://www.compraonline.alcampo.es/products/pompadour-t%C3%A9-verde-moruno-t%C3%ADpico-marroqu%C3%AD-con-hierbabuena-20-uds-35-g/19904",
    "nombre": "POMPADOUR Té verde moruno típico marroquí (con hierbabuena) 20 uds. 35 g.",
    "precio": "2,56 €",
    "precio_por_unidad": "20 por envase",
    "nutricion": {
      "valor_energetico_kj": "3.0 Kj",
      "valor_energetico_kcal": "1.0 Kcal",
      "grasas_g": "0.0 g",
      "grasas_saturadas_g": "0.0 g",
      "hidratos_g": "0.0 g",
      "azucares_g": "0.0 g",
      "proteinas_g": "0.0 g",
      "sal_g": "0.0 g"
    },
    "caracteristicas": {
      "nombre_operador": "POMPADOUR IBÉRICA, S.A",
      "direccion_operador": "CTRA. A MADRID KM 405, POL. IND. LAS ATALAYAS PARCELA 8A 03114 ALICANTE",
      "pais_origen": "España",
      "denominacion_legal": "Té verde con Hierbabuena",
      "peso_neto": "35g",
      "numero_raciones": "veinte",
      "cantidad_neta_disgregada": "20x1.75 Gramos",
      "signo_estimacion": "Si"
    },
    "id": 245
  },
  {
    "url": "https://www.compraonline.alcampo.es/products/calvo-mejillones-en-escabeche-l3-uds-40-g/18510",
    "nombre": "CALVO Mejillones en escabeche l3 uds. 40 g.",
    "precio": "3,09 €",
    "unidad": "120g",
    "precio_por_unidad": "25,75 € por kilogramo",
    "nutricion": {
      "valor_energetico_kj": "957.0 Kj",
      "valor_energetico_kcal": "231.0 Kcal",
      "grasas_g": "19.0 g",
      "grasas_saturadas_g": "2.0 g",
      "hidratos_g": "0.0 g",
      "azucares_g": "0.0 g",
      "proteinas_g": "13.0 g",
      "sal_g": "1.0 g"
    },
    "caracteristicas": {
      "nombre_operador": "Calvo Distribución Alimentaria SLU",
      "direccion_operador": "Ctra. Coruña-Finisterre. 15106 Carballo. La Coruña",
      "pais_origen": "España",
      "lugar_procedencia": "NO Aplica",
      "denominacion_legal": "Mejillones en escabeche de las Rías Gallegas. Tamaño pequeño",
      "formato": "Lata",
      "peso_neto": "320g",
      "numero_raciones": "4",
      "cantidad_neta_disgregada": "4x80gr",
      "signo_estimacion": "Si"
    },
    "id": 246
  },
  {
    "url": "https://www.compraonline.alcampo.es/products/producto-alcampo-penne-rigate-tavola-in-italia/946137",
    "nombre": "PRODUCTO ALCAMPO Penne rigate Tavola in Italia",
    "precio": "0,97 €",
    "unidad": "500g",
    "precio_por_unidad": "1,94 € por kilogramo",
    "nutricion": {
      "valor_energetico_kj": "1476.0 Kj",
      "valor_energetico_kcal": "348.0 Kcal",
      "grasas_g": "1.1 g",
      "grasas_saturadas_g": "0.1 g",
      "hidratos_g": "71.0 g",
      "azucares_g": "3.5 g",
      "proteinas_g": "12.0 g",
      "sal_g": "0.01 g"
    },
    "id": 247
  },
  {
    "url": "https://www.compraonline.alcampo.es/products/monster-energy-ultra-golden-pineapple-bebida-energ%C3%A9tica-sin-az%C3%BAcar-y-con-sabor-a-pi%C3%B1a-lata-500-ml/222005",
    "nombre": "MONSTER Energy Ultra golden pineapple Bebida energética sin azúcar y con sabor a piña lata 500 ml.",
    "precio": "1,79 €",
    "unidad": "500ml",
    "precio_por_unidad": "3,58 € por litro",
    "nutricion": {
      "valor_energetico_kj": "9.0 Kj",
      "valor_energetico_kcal": "2.0 Kcal",
      "grasas_g": "0.0 g",
      "grasas_saturadas_g": "0.0 g",
      "hidratos_g": "1.1 g",
      "azucares_g": "0.0 g",
      "proteinas_g": "0.0 g",
      "sal_g": "0.11 g"
    },
    "caracteristicas": {
      "nombre_operador": "Monster Energy Limited",
      "direccion_operador": "South Bank House, Barrow Street, Dublin 4, Irlanda",
      "denominacion_legal": "Bebida energética carbonatada, sabor a piña, con taurina, ginseng, cafeína, L-carnitina y vitaminas del grupo B. Con edulcorantes.",
      "formato": "Lata",
      "peso_neto": "0,5l",
      "agrupacion": "Unidad",
      "capacidad": "50 cl.",
      "numero_raciones": "1"
    },
    "id": 248
  },
  {
    "url": "https://www.compraonline.alcampo.es/products/budweiser-cerveza-lata-de-33-cl/38857",
    "nombre": "BUDWEISER Cerveza lata de 33 cl",
    "precio": "0,69 €",
    "unidad": "330ml",
    "precio_por_unidad": "2,09 € por litro",
    "nutricion": {
      "valor_energetico_kj": "162.0 Kj",
      "valor_energetico_kcal": "39.0 Kcal",
      "grasas_g": "0.0 g",
      "grasas_saturadas_g": "0.0 g",
      "hidratos_g": "2.9 g",
      "azucares_g": "0.1 g",
      "proteinas_g": "0.4 g",
      "sal_g": "0.0 g"
    },
    "caracteristicas": {
      "nombre_operador": "MAHOU, S.A.",
      "direccion_operador": "Calle Titan, 15  28045  Madrid",
      "pais_origen": "Reino Unido",
      "denominacion_legal": "CERVEZA",
      "formato": "Lata",
      "peso_neto": "0,33l",
      "agrupacion": "Unidad",
      "capacidad": "33 cl."
    },
    "id": 249
  },
  {
    "url": "https://www.compraonline.alcampo.es/products/go-tan-fideos-de-arroz-go-tan-250-g/950178",
    "nombre": "GO-TAN Fideos de arroz GO-TAN 250 g.",
    "precio": "2,65 €",
    "unidad": "250g",
    "precio_por_unidad": "10,60 € por kilogramo",
    "nutricion": {
      "valor_energetico_kj": "1510.0 Kj",
      "valor_energetico_kcal": "361.0 Kcal",
      "grasas_g": "1.0 g",
      "grasas_saturadas_g": "0.3 g",
      "hidratos_g": "80.6 g",
      "azucares_g": "0.0 g",
      "proteinas_g": "7.6 g",
      "sal_g": "0.06 g"
    },
    "caracteristicas": {
      "nombre_operador": "Ofistrade S.A.",
      "direccion_operador": "C/Buenos Aires 38-40, entlo. C - 08036 Barcelona",
      "pais_origen": "Países Bajos",
      "lugar_procedencia": "Holanda",
      "denominacion_legal": "Fideos arroz",
      "peso_neto": "250g",
      "cantidad_neta_disgregada": "250",
      "signo_estimacion": "Si"
    },
    "id": 250
  },
  {
    "url": "https://www.compraonline.alcampo.es/products/kas-refresco-de-lim%C3%B3n-lata-de-33-cl/34495",
    "nombre": "KAS Refresco de limón lata de 33 cl.",
    "precio": "0,56 €",
    "unidad": "330ml",
    "precio_por_unidad": "1,70 € por litro",
    "nutricion": {
      "valor_energetico_kj": "89.0 Kj",
      "valor_energetico_kcal": "21.0 Kcal",
      "grasas_g": "0.0 g",
      "grasas_saturadas_g": "0.0 g",
      "hidratos_g": "4.0 g",
      "azucares_g": "4.0 g",
      "proteinas_g": "0.0 g",
      "sal_g": "0.0 g"
    },
    "caracteristicas": {
      "nombre_operador": "COMPAÑIA DE BEBIDAS PEPSICO SL",
      "direccion_operador": "CALLE MARIE CURIE, 7 PLANTA 1, EDIFICIO 8 VITORIA-GASTEIZ, ALAVA",
      "denominacion_legal": "Bebida refrescante de zumo de fruta con azúcares y edulcorantes",
      "formato": "Lata",
      "peso_neto": "330g",
      "sabor": "Limón",
      "agrupacion": "Unidad",
      "capacidad": "33 cl."
    },
    "id": 251
  },
  {
    "url": "https://www.compraonline.alcampo.es/products/monster-energy-juiced-monarch-bebida-energ%C3%A9tica-con-ligero-sabor-a-nectarina-y-melocot%C3%B3n-lata-de-500ml/318337",
    "nombre": "MONSTER Energy Juiced Monarch Bebida energética con ligero sabor a nectarina y melocotón lata de 500ml",
    "precio": "1,79 €",
    "unidad": "500ml",
    "precio_por_unidad": "3,58 € por litro",
    "nutricion": {
      "valor_energetico_kj": "185.0 Kj",
      "valor_energetico_kcal": "44.0 Kcal",
      "grasas_g": "0.0 g",
      "grasas_saturadas_g": "0.0 g",
      "hidratos_g": "11.0 g",
      "azucares_g": "10.0 g",
      "proteinas_g": "0.0 g",
      "sal_g": "0.1 g"
    },
    "caracteristicas": {
      "nombre_operador": "Monster Energy Limited",
      "direccion_operador": "South Bank House, Barrow Street, Dublin 4, Irlanda",
      "denominacion_legal": "Bebida energética carbonatada con 5% de zumo de fruta procedente de zumo de fruta concentrado, taurina, cafeína, L-carnitina, inositol y vitaminas del grupo B. Con azúcares y edulcorante.",
      "formato": "Lata",
      "peso_neto": "0,5l",
      "agrupacion": "Unidad",
      "capacidad": "50 cl.",
      "numero_raciones": "1"
    },
    "id": 252
  },
  {
    "url": "https://www.compraonline.alcampo.es/products/mexifoods-nachos-sabor-natural-totopos-200-g/432925",
    "nombre": "MEXIFOODS Nachos (sabor natural) totopos 200 g.",
    "precio": "1,49 €",
    "unidad": "200g",
    "precio_por_unidad": "7,45 € por kilogramo",
    "nutricion": {
      "valor_energetico_kj": "1996.0 Kj",
      "valor_energetico_kcal": "476.0 Kcal",
      "grasas_g": "20.0 g",
      "grasas_saturadas_g": "2.1 g",
      "hidratos_g": "64.0 g",
      "azucares_g": "0.9 g",
      "proteinas_g": "7.6 g",
      "sal_g": "1.1 g"
    },
    "caracteristicas": {
      "nombre_operador": "MISSION FOODS IBERIA S.A.U.",
      "direccion_operador": "Avenida de la Industria 1015, PG Antonio del Rincón, 45222 Borox (Toledo)",
      "pais_origen": "España",
      "lugar_procedencia": "España",
      "denominacion_legal": "Producto de aperitivo frito de maíz",
      "peso_neto": "200g",
      "signo_estimacion": "Si"
    },
    "id": 253
  },
  {
    "url": "https://www.compraonline.alcampo.es/products/monster-energy-ultra-rosa-bebida-energ%C3%A9tica-zero-az%C3%BAcar-lata-500-ml/888869",
    "nombre": "MONSTER Energy Ultra Rosa Bebida energética zero azúcar lata 500 ml.",
    "precio": "1,79 €",
    "unidad": "500ml",
    "precio_por_unidad": "3,58 € por litro",
    "nutricion": {
      "valor_energetico_kj": "12.0 Kj",
      "valor_energetico_kcal": "3.0 Kcal",
      "grasas_g": "0.0 g",
      "grasas_saturadas_g": "0.0 g",
      "hidratos_g": "1.4 g",
      "azucares_g": "0.0 g",
      "proteinas_g": "0.0 g",
      "sal_g": "0.2 g"
    },
    "caracteristicas": {
      "nombre_operador": "Monster Energy Limited",
      "direccion_operador": "South Bank House, Barrow Street, Dublin 4, Irlanda",
      "denominacion_legal": "Bebida energética carbonatada con taurina, ginseng, cafeína, L-carnitina y vitaminas del grupo B. Con edulcorantes.",
      "peso_neto": "0,5l",
      "numero_raciones": "1"
    },
    "id": 254
  },
  {
    "url": "https://www.compraonline.alcampo.es/products/pepsi-refresco-de-cola-pack-12-latas-de-33-cl/33576",
    "nombre": "PEPSI Refresco de cola pack 12 latas de 33 cl.",
    "precio": "7,07 €",
    "unidad": "3960ml",
    "precio_por_unidad": "1,79 € por litro",
    "nutricion": {
      "valor_energetico_kj": "78.0 Kj",
      "valor_energetico_kcal": "18.0 Kcal",
      "grasas_g": "0.0 g",
      "grasas_saturadas_g": "0.0 g",
      "hidratos_g": "4.6 g",
      "azucares_g": "4.6 g",
      "proteinas_g": "0.0 g",
      "sal_g": "0.0 g"
    },
    "caracteristicas": {
      "nombre_operador": "COMPAÑIA DE BEBIDAS PEPSICO SL",
      "direccion_operador": "CALLE MARIE CURIE, 7 PLANTA 1, EDIFICIO 8 VITORIA-GASTEIZ, ALAVA",
      "denominacion_legal": "Bebida refrescante aromatizada con azúcar y edulcorantes.",
      "formato": "Lata",
      "peso_neto": "330g",
      "sabor": "Cola",
      "agrupacion": "Pack de 9",
      "capacidad": "33 cl."
    },
    "id": 255
  },
  {
    "url": "https://www.compraonline.alcampo.es/products/auchan-queso-en-escamas-parmegiano-reggiano-100-g-producto-alcampo/308853",
    "nombre": "AUCHAN Queso en escamas Parmegiano Reggiano 100 g. Producto Alcampo",
    "precio": "3,21 €",
    "unidad": "100g",
    "precio_por_unidad": "32,10 € por kilogramo",
    "nutricion": {
      "valor_energetico_kj": "1671.0 Kj",
      "valor_energetico_kcal": "402.0 Kcal",
      "grasas_g": "30.0 g",
      "grasas_saturadas_g": "20.0 g",
      "hidratos_g": "0.0 g",
      "azucares_g": "0.0 g",
      "proteinas_g": "32.0 g",
      "sal_g": "1.6 g"
    },
    "caracteristicas": {
      "nombre_operador": "Alcampo S.A.",
      "direccion_operador": "C/ Santiago de Compostela Sur, s/n 28029 Madrid.",
      "pais_origen": "Italia",
      "denominacion_legal": "Parmigiano Reggiano DOP.  Queso madurado. 24 meses de maduración.",
      "peso_neto": "100g",
      "signo_estimacion": "Si"
    },
    "id": 256
  },
  {
    "url": "https://www.compraonline.alcampo.es/products/baron-de-santuy-vino-tinto-con-d-o-ribera-del-duero-botella-75-cl/34485",
    "nombre": "BARON DE SANTUY  Vino tinto con D.O. Ribera del Duero botella 75 cl.",
    "precio": "2,99 €",
    "nutricion": {
      "valor_energetico_kj": "353.0 Kj",
      "valor_energetico_kcal": "84.0 Kcal",
      "grasas_g": "0.04 g",
      "grasas_saturadas_g": "0.0 g",
      "hidratos_g": "2.87 g",
      "azucares_g": "0.18 g",
      "proteinas_g": "0.04 g",
      "sal_g": "0.21 g"
    },
    "caracteristicas": {
      "nombre_operador": "Viña Buena S.A.",
      "direccion_operador": "Avda. Portugal, 15, 09400 Aranda de Duero (Burgos)",
      "denominacion_legal": "Vino tinto joven"
    },
    "id": 257
  },
  {
    "url": "https://www.compraonline.alcampo.es/products/auchan-burrata-125-g-producto-alcampo/943267",
    "nombre": "AUCHAN Burrata 125 g. Producto Alcampo",
    "precio": "2,23 €",
    "unidad": "125g",
    "precio_por_unidad": "17,84 € por kilogramo",
    "nutricion": {
      "valor_energetico_kj": "971.0 Kj",
      "valor_energetico_kcal": "234.0 Kcal",
      "grasas_g": "20.0 g",
      "grasas_saturadas_g": "14.0 g",
      "hidratos_g": "1.6 g",
      "azucares_g": "1.0 g",
      "proteinas_g": "12.0 g",
      "sal_g": "0.5 g"
    },
    "caracteristicas": {
      "nombre_operador": "Alcampo, S.A.",
      "direccion_operador": "c/ Santiago de Compostela, Sur s/n, 28029 Madrid",
      "pais_origen": "Italia",
      "lugar_procedencia": "Italia",
      "denominacion_legal": "Queso fresco con relleno de Stracciatella (Nata y trozos de pasta hilada).",
      "peso_neto": "125g",
      "signo_estimacion": "Si"
    },
    "id": 258
  },
  {
    "url": "https://www.compraonline.alcampo.es/products/rana-gourmet-soles-de-pasta-fresca-al-huevo-rellenos-de-trufa-blanca-setas-y-queso-250-g/86547",
    "nombre": "RANA Gourmet Soles de pasta fresca al huevo, rellenos de trufa blanca, setas y queso 250 g.",
    "precio": "4,13 €",
    "unidad": "250g",
    "precio_por_unidad": "16,52 € por kilogramo",
    "nutricion": {
      "valor_energetico_kj": "974.0 Kj",
      "valor_energetico_kcal": "232.0 Kcal",
      "grasas_g": "8.3 g",
      "grasas_saturadas_g": "5.0 g",
      "hidratos_g": "27.0 g",
      "azucares_g": "2.9 g",
      "proteinas_g": "9.6 g",
      "sal_g": "0.97 g"
    },
    "caracteristicas": {
      "nombre_operador": "Rana Hispania sau",
      "direccion_operador": "Avda Hermanos Bou 31, 12003 Castellon de la plana",
      "pais_origen": "Italia",
      "denominacion_legal": "pasta fresca Ravioli trufa blanca y setas",
      "peso_neto": "250g",
      "numero_raciones": "2",
      "signo_estimacion": "Si"
    },
    "id": 259
  },
  {
    "url": "https://www.compraonline.alcampo.es/products/san-miguel-cerveza-0-0-tostada-pack-12-latas-33-cl/458486",
    "nombre": "SAN MIGUEL Cerveza 0,0 % tostada pack 12 latas 33 cl.",
    "precio": "8,05 €",
    "unidad": "3960ml",
    "precio_por_unidad": "2,03 € por litro",
    "nutricion": {
      "valor_energetico_kj": "89.0 Kj",
      "valor_energetico_kcal": "21.0 Kcal",
      "grasas_g": "0.0 g",
      "grasas_saturadas_g": "0.0 g",
      "hidratos_g": "5.0 g",
      "azucares_g": "2.4 g",
      "proteinas_g": "0.2 g",
      "sal_g": "0.0 g"
    },
    "caracteristicas": {
      "nombre_operador": "MAHOU, S.A.",
      "direccion_operador": "Calle Titán, 15  28045  Madrid",
      "pais_origen": "España",
      "denominacion_legal": "CERVEZA SIN ALCOHOL",
      "peso_neto": "3,96l",
      "signo_estimacion": "Si"
    },
    "id": 260
  },
  {
    "url": "https://www.compraonline.alcampo.es/products/calvo-at%C3%BAn-claro-en-aceite-de-oliva-vuelca-f%C3%A1cil-lata-pack-de-3-uds-52-g/27833",
    "nombre": "CALVO Atún claro en aceite de oliva, vuelca fácil lata pack de 3 uds 52 g.",
    "precio": "2,94 €",
    "unidad": "156g",
    "precio_por_unidad": "18,85 € por kilogramo",
    "nutricion": {
      "valor_energetico_kj": "1099.0 Kj",
      "valor_energetico_kcal": "265.0 Kcal",
      "grasas_g": "20.0 g",
      "grasas_saturadas_g": "3.0 g",
      "hidratos_g": "0.0 g",
      "azucares_g": "0.0 g",
      "proteinas_g": "20.0 g",
      "sal_g": "1.0 g"
    },
    "caracteristicas": {
      "nombre_operador": "Calvo Distribución Alimentaria SLU",
      "direccion_operador": "Ctra. Coruña-Finisterre. 15106 Carballo. La Coruña",
      "pais_origen": "España",
      "denominacion_legal": "Atún Claro en aceite de oliva",
      "formato": "Lata",
      "peso_neto": "195g",
      "numero_raciones": "3"
    },
    "id": 261
  },
  {
    "url": "https://www.compraonline.alcampo.es/products/orbit-chicles-sabor-a-eucalipto-46-uds-64-g/199088",
    "nombre": "ORBIT Chicles sabor a eucalipto, 46 uds, 64 g.",
    "precio": "2,39 €",
    "unidad": "64g",
    "precio_por_unidad": "37,34 € por kilogramo",
    "nutricion": {
      "valor_energetico_kj": "614.0 Kj",
      "valor_energetico_kcal": "147.0 Kcal",
      "grasas_g": "0.0 g",
      "grasas_saturadas_g": "0.0 g",
      "hidratos_g": "61.0 g",
      "azucares_g": "0.0 g",
      "proteinas_g": "0.0 g",
      "sal_g": "0.0 g"
    },
    "caracteristicas": {
      "nombre_operador": "Mars Multisales Spain, S.L",
      "direccion_operador": "Plaza de Carlos Trías Bertrán, 4, 1ª Planta 28020 Madrid, España.",
      "denominacion_legal": "Chicle con edulcorantes sin azúcar y sabor a mentol y eucalipto",
      "peso_neto": "64g"
    },
    "id": 262
  },
  {
    "url": "https://www.compraonline.alcampo.es/products/pr%C3%A9sident-crema-de-queso-para-untar-camembert-pr%C3%A9sident-125-g/54955",
    "nombre": "PRÉSIDENT Crema de queso para untar Camembert PRÉSIDENT 125 g.",
    "precio": "1,75 €",
    "unidad": "125g",
    "precio_por_unidad": "14,00 € por kilogramo",
    "nutricion": {
      "valor_energetico_kj": "1052.0 Kj",
      "valor_energetico_kcal": "254.0 Kcal",
      "grasas_g": "22.0 g",
      "grasas_saturadas_g": "15.0 g",
      "hidratos_g": "2.0 g",
      "azucares_g": "2.0 g",
      "proteinas_g": "12.0 g",
      "sal_g": "1.6 g"
    },
    "caracteristicas": {
      "nombre_operador": "Lactalis Forlasa S.L.U.",
      "direccion_operador": "Avda. Reyes Católicos. 135. 02600 Villarrobledo",
      "pais_origen": "Francia",
      "lugar_procedencia": "Francia",
      "denominacion_legal": "Queso fundido",
      "peso_neto": "125g"
    },
    "id": 263
  },
  {
    "url": "https://www.compraonline.alcampo.es/products/manfong-rollitos-de-primavera-manfong-6-uds/76242",
    "nombre": "MANFONG Rollitos de primavera MANFONG 6 uds.",
    "precio": "1,99 €",
    "unidad": "300g",
    "precio_por_unidad": "6,63 € por kilogramo",
    "nutricion": {
      "valor_energetico_kj": "405.84 Kj",
      "valor_energetico_kcal": "97.0 Kcal",
      "grasas_g": "0.9 g",
      "grasas_saturadas_g": "0.2 g",
      "hidratos_g": "18.5 g",
      "azucares_g": "5.34 g",
      "proteinas_g": "3.89 g",
      "sal_g": "1.02 g"
    },
    "caracteristicas": {
      "nombre_operador": "Man Fong Pacific Trading SA",
      "direccion_operador": "Av. Castila, 32 28830 San Fernando de Henares (Madrid)",
      "pais_origen": "República Popular de China",
      "denominacion_legal": "Rollito de primavera",
      "peso_neto": "300g",
      "numero_raciones": "6 unidades",
      "cantidad_neta_disgregada": "6x50g"
    },
    "id": 264
  },
  {
    "url": "https://www.compraonline.alcampo.es/products/mahou-5-estrellas-cervezas-pack-28-latas-x-33-cl/58644",
    "nombre": "MAHOU 5 ESTRELLAS Cervezas pack 28 latas x 33 cl.",
    "precio": "21,37 €",
    "unidad": "9240ml",
    "precio_por_unidad": "2,31 € por litro",
    "nutricion": {
      "valor_energetico_kj": "205.0 Kj",
      "valor_energetico_kcal": "49.0 Kcal",
      "grasas_g": "0.0 g",
      "grasas_saturadas_g": "0.0 g",
      "hidratos_g": "3.9 g",
      "azucares_g": "0.1 g",
      "proteinas_g": "0.4 g",
      "sal_g": "0.0 g"
    },
    "caracteristicas": {
      "nombre_operador": "MAHOU, S.A.",
      "direccion_operador": "Calle Titán, 15  28045  Madrid",
      "pais_origen": "España",
      "denominacion_legal": "Cerveza especial",
      "formato": "Lata",
      "peso_neto": "9,24l",
      "agrupacion": "Pack de 28",
      "capacidad": "33 cl.",
      "signo_estimacion": "Si"
    },
    "id": 265
  },
  {
    "url": "https://www.compraonline.alcampo.es/products/pradorey-origen-vino-tinto-roble-con-d-o-ribera-del-duero-botella-75-cl/40291",
    "nombre": "PRADOREY Origen Vino tinto roble con D.O. Ribera del Duero botella 75 cl.",
    "precio": "6,70 €",
    "nutricion": {
      "valor_energetico_kj": "360.0 Kj",
      "valor_energetico_kcal": "86.0 Kcal",
      "grasas_g": "0.5 g",
      "grasas_saturadas_g": "0.5 g",
      "hidratos_g": "0.24 g",
      "azucares_g": "0.24 g",
      "proteinas_g": "0.7 g",
      "sal_g": "0.01 g"
    },
    "caracteristicas": {
      "nombre_operador": "Real Sitio de Ventosilla SA",
      "direccion_operador": "Carretera CL-619 (Magaz - Aranda), KM. 66.1, 09443 Gumiel de Mercado, Burgos",
      "denominacion_legal": "Vino tinto joven"
    },
    "id": 266
  },
  {
    "url": "https://www.compraonline.alcampo.es/products/mexifoods-salsa-mexicana-nacho-s-dip-mexifoods-300-g/681573",
    "nombre": "MEXIFOODS Salsa mexicana Nacho´s dip MEXIFOODS 300 g.",
    "precio": "2,33 €",
    "unidad": "300g",
    "precio_por_unidad": "7,77 € por kilogramo",
    "nutricion": {
      "valor_energetico_kj": "191.0 Kj",
      "valor_energetico_kcal": "46.0 Kcal",
      "grasas_g": "0.2 g",
      "grasas_saturadas_g": "0.03 g",
      "hidratos_g": "9.5 g",
      "azucares_g": "7.95 g",
      "proteinas_g": "0.94 g",
      "sal_g": "1.0 g"
    },
    "caracteristicas": {
      "nombre_operador": "MISSION FOODS IBERIA S.A.U.",
      "direccion_operador": "Avenida de la Industria 1015, PG Antonio del Rincón, 45222 Borox (Toledo)",
      "denominacion_legal": "Salsa de tomate",
      "peso_neto": "300g"
    },
    "id": 267
  },
  {
    "url": "https://www.compraonline.alcampo.es/products/pr%C3%A9sident-crema-de-queso-para-untar-semi-curado-pr%C3%A9sident-125-g/54957",
    "nombre": "PRÉSIDENT Crema de queso para untar semi curado PRÉSIDENT 125 g.",
    "precio": "1,75 €",
    "unidad": "125g",
    "precio_por_unidad": "14,00 € por kilogramo",
    "nutricion": {
      "valor_energetico_kj": "1207.0 Kj",
      "valor_energetico_kcal": "292.0 Kcal",
      "grasas_g": "26.0 g",
      "grasas_saturadas_g": "18.0 g",
      "hidratos_g": "2.4 g",
      "azucares_g": "2.4 g",
      "proteinas_g": "12.0 g",
      "sal_g": "2.1 g"
    },
    "caracteristicas": {
      "nombre_operador": "Lactalis Forlasa S.L.U.",
      "direccion_operador": "Avda. Reyes Católicos. 135. 02600 Villarrobledo",
      "pais_origen": "Francia",
      "lugar_procedencia": "Francia",
      "denominacion_legal": "Queso fundido",
      "peso_neto": "125g"
    },
    "id": 268
  },
  {
    "url": "https://www.compraonline.alcampo.es/products/isabel-mejillones-frescos-de-campa%C3%B1a-en-escabeche-13-18-piezas-69-g/11598",
    "nombre": "ISABEL Mejillones frescos de campaña en escabeche, 13/18 piezas 69 g.",
    "precio": "2,23 €",
    "unidad": "69g",
    "precio_por_unidad": "32,32 € por kilogramo",
    "nutricion": {
      "valor_energetico_kj": "850.0 Kj",
      "valor_energetico_kcal": "205.0 Kcal",
      "grasas_g": "17.0 g",
      "grasas_saturadas_g": "2.0 g",
      "hidratos_g": "0.0 g",
      "azucares_g": "0.0 g",
      "proteinas_g": "13.0 g",
      "sal_g": "0.9 g"
    },
    "caracteristicas": {
      "nombre_operador": "Bolton Cile España, S.A.",
      "direccion_operador": "C/ Ombú 3 28045-Madrid (España)",
      "pais_origen": "España",
      "lugar_procedencia": "España",
      "denominacion_legal": "Mejillones en salsa escabeche 13-18 piezas",
      "formato": "Lata",
      "peso_neto": "115g"
    },
    "id": 269
  },
  {
    "url": "https://www.compraonline.alcampo.es/products/ram%C3%B3n-bilbao-vino-blanco-verdejo-con-d-o-rueda-botella-de-75-cl/880589",
    "nombre": "RAMÓN BILBAO  Vino blanco verdejo con D.O. Rueda botella de 75 cl.",
    "precio": "7,99 €",
    "nutricion": {
      "valor_energetico_kj": "301.0 Kj",
      "valor_energetico_kcal": "73.0 Kcal",
      "grasas_g": "0.0 g",
      "grasas_saturadas_g": "0.0 g",
      "hidratos_g": "0.68 g",
      "azucares_g": "0.12 g",
      "proteinas_g": "0.0 g",
      "sal_g": "0.0 g"
    },
    "caracteristicas": {
      "nombre_operador": "Bodegas Ramón Bilbao, S.A. Rueda - Valladolid",
      "direccion_operador": "Paraje Las Amedias  Autov.A6  Pg.7-PA 14km.168 - Rueda-Valladolid",
      "denominacion_legal": "Vino de Rueda Verdejo"
    },
    "id": 270
  },
  {
    "url": "https://www.compraonline.alcampo.es/products/weetabix-cereales-de-fibra-con-copos-de-avena-suaves-500-g/625631",
    "nombre": "WEETABIX Cereales de fibra con copos de avena suaves 500 g.",
    "precio": "1,49 €",
    "unidad": "500g",
    "precio_por_unidad": "2,98 € por kilogramo",
    "nutricion": {
      "valor_energetico_kj": "1558.0 Kj",
      "valor_energetico_kcal": "370.0 Kcal",
      "grasas_g": "8.0 g",
      "grasas_saturadas_g": "1.5 g",
      "hidratos_g": "59.0 g",
      "azucares_g": "1.1 g",
      "proteinas_g": "11.0 g",
      "sal_g": "0.03 g"
    },
    "caracteristicas": {
      "nombre_operador": "WEETABIX IBÉRICA, S.L.",
      "direccion_operador": "C/ María de Molina, nº 41 -  28006 Madrid",
      "pais_origen": "Unión Europea",
      "denominacion_legal": "Copos de avena integral",
      "peso_neto": "500g",
      "numero_raciones": "12",
      "signo_estimacion": "Si"
    },
    "id": 271
  },
  {
    "url": "https://www.compraonline.alcampo.es/products/calvo-at%C3%BAn-claro-en-aceite-de-oliva-pack-3-uds-x-73-g/64832",
    "nombre": "CALVO Atún claro en aceite de oliva pack 3 uds. x 73 g.",
    "precio": "6,70 €",
    "unidad": "219g",
    "precio_por_unidad": "30,59 € por kilogramo",
    "nutricion": {
      "valor_energetico_kj": "1134.0 Kj",
      "valor_energetico_kcal": "273.0 Kcal",
      "grasas_g": "20.0 g",
      "grasas_saturadas_g": "3.1 g",
      "hidratos_g": "2.2 g",
      "azucares_g": "0.0 g",
      "proteinas_g": "21.0 g",
      "sal_g": "1.0 g"
    },
    "caracteristicas": {
      "nombre_operador": "Calvo Distribución Alimentaria SLU",
      "direccion_operador": "Ctra. Coruña-Finisterre. 15106 Carballo. La Coruña",
      "pais_origen": "España",
      "lugar_procedencia": "NO Aplica",
      "denominacion_legal": "Atún claro en aceite de oliva",
      "formato": "Lata",
      "peso_neto": "300g",
      "numero_raciones": "3",
      "cantidad_neta_disgregada": "3x100gr",
      "signo_estimacion": "Si"
    },
    "id": 272
  },
  {
    "url": "https://www.compraonline.alcampo.es/products/calvo-at%C3%BAn-claro-en-aceite-de-girasol-lata-de-pack-de-6-uds-52-g/25684",
    "nombre": "CALVO Atún claro en aceite de girasol lata de  pack de 6 uds. 52 g",
    "precio": "5,60 €",
    "unidad": "312g",
    "precio_por_unidad": "17,95 € por kilogramo",
    "nutricion": {
      "valor_energetico_kj": "1135.0 Kj",
      "valor_energetico_kcal": "273.0 Kcal",
      "grasas_g": "21.0 g",
      "grasas_saturadas_g": "2.0 g",
      "hidratos_g": "0.0 g",
      "azucares_g": "0.0 g",
      "proteinas_g": "21.0 g",
      "sal_g": "1.0 g"
    },
    "caracteristicas": {
      "nombre_operador": "Calvo Distribución Alimentaria SLU",
      "direccion_operador": "Ctra. Coruña-Finisterre. 15106 Carballo. La Coruña",
      "pais_origen": "España",
      "denominacion_legal": "Atun en aceite de girasol",
      "formato": "Lata",
      "peso_neto": "390g",
      "numero_raciones": "6"
    },
    "id": 273
  },
  {
    "url": "https://www.compraonline.alcampo.es/products/producto-alcampo-grissini-romero-tavola-in-italia-120-gr/498714",
    "nombre": "PRODUCTO ALCAMPO Grissini romero Tavola in Italia 120 gr.",
    "precio": "2,09 €",
    "unidad": "120g",
    "precio_por_unidad": "17,42 € por kilogramo",
    "nutricion": {
      "valor_energetico_kj": "1725.0 Kj",
      "valor_energetico_kcal": "409.0 Kcal",
      "grasas_g": "9.6 g",
      "grasas_saturadas_g": "1.1 g",
      "hidratos_g": "67.0 g",
      "azucares_g": "3.2 g",
      "proteinas_g": "11.0 g",
      "sal_g": "2.0 g"
    },
    "caracteristicas": {
      "nombre_operador": "AUCHAN SAS OIA",
      "direccion_operador": "200 rue de la recherche",
      "pais_origen": "Italia",
      "lugar_procedencia": ".",
      "denominacion_legal": "Gressins au Romarin",
      "peso_neto": "0,12kg"
    },
    "id": 274
  },
  {
    "url": "https://www.compraonline.alcampo.es/products/kas-refresco-de-lim%C3%B3n-pack-2-botellas-de-2-l/32126",
    "nombre": "KAS Refresco de limón pack 2 botellas de 2 l.",
    "precio": "3,02 €",
    "unidad": "4000ml",
    "precio_por_unidad": "0,76 € por litro",
    "nutricion": {
      "valor_energetico_kj": "93.0 Kj",
      "valor_energetico_kcal": "22.0 Kcal",
      "grasas_g": "0.0 g",
      "grasas_saturadas_g": "0.0 g",
      "hidratos_g": "4.9 g",
      "azucares_g": "4.0 g",
      "proteinas_g": "0.1 g",
      "sal_g": "0.01 g"
    },
    "caracteristicas": {
      "nombre_operador": "COMPAÑIA DE BEBIDAS PEPSICO SL",
      "direccion_operador": "CALLE MARIE CURIE, 7 PLANTA 1, EDIFICIO 8 VITORIA-GASTEIZ, ALAVA",
      "denominacion_legal": "Bebida refrescante de zumo de fruta con azúcares y edulcorantes",
      "formato": "Botella",
      "peso_neto": "2000g",
      "sabor": "Limón",
      "agrupacion": "Pack de 2",
      "capacidad": "2 litros"
    },
    "id": 275
  },
  {
    "url": "https://www.compraonline.alcampo.es/products/producto-alcampo-pasta-fusilli-al-bronzo-tavola-in-italia-500-g/226751",
    "nombre": "PRODUCTO ALCAMPO Pasta fusilli al bronzo Tavola in Italia 500 g.",
    "precio": "1,39 €",
    "unidad": "500g",
    "precio_por_unidad": "2,78 € por kilogramo",
    "nutricion": {
      "valor_energetico_kj": "1473.0 Kj",
      "valor_energetico_kcal": "347.0 Kcal",
      "grasas_g": "1.5 g",
      "grasas_saturadas_g": "0.3 g",
      "hidratos_g": "70.0 g",
      "azucares_g": "3.4 g",
      "proteinas_g": "12.0 g",
      "sal_g": "0.01 g"
    },
    "id": 276
  },
  {
    "url": "https://www.compraonline.alcampo.es/products/la-coste%C3%B1a-frijoles-negros-enteros-la-coste%C3%B1a-580-g/44425",
    "nombre": "LA COSTEÑA Frijoles negros enteros LA COSTEÑA 580 g.",
    "precio": "3,09 €",
    "unidad": "580g",
    "precio_por_unidad": "5,33 € por kilogramo",
    "nutricion": {
      "valor_energetico_kj": "190.0 Kj",
      "valor_energetico_kcal": "45.0 Kcal",
      "grasas_g": "1.0 g",
      "grasas_saturadas_g": "0.1 g",
      "hidratos_g": "5.0 g",
      "azucares_g": "0.0 g",
      "proteinas_g": "4.0 g",
      "sal_g": "0.85 g"
    },
    "caracteristicas": {
      "nombre_operador": "Central Mexicana de Abastos S.L.",
      "direccion_operador": "Puerto de Guadarrama 30, Pol Ind. Las Nieves 28935 Móstoles, Madrid.",
      "pais_origen": "Mexico",
      "denominacion_legal": "Frijoles negros enteros 560g",
      "peso_neto": "560g"
    },
    "id": 277
  },
  {
    "url": "https://www.compraonline.alcampo.es/products/la-vaca-que-r%C3%ADe-crema-de-queso-natural-200-g/944777",
    "nombre": "LA VACA QUE RÍE Crema de queso natural 200 g.",
    "precio": "1,87 €",
    "unidad": "200g",
    "precio_por_unidad": "9,34 € por kilogramo",
    "nutricion": {
      "valor_energetico_kj": "974.0 Kj",
      "valor_energetico_kcal": "235.0 Kcal",
      "grasas_g": "18.5 g",
      "grasas_saturadas_g": "12.5 g",
      "hidratos_g": "6.5 g",
      "azucares_g": "6.5 g",
      "proteinas_g": "10.5 g",
      "sal_g": "1.6 g"
    },
    "caracteristicas": {
      "nombre_operador": "Grupo Fromageries Bel España, S.L.",
      "direccion_operador": "Avda. Partenón 4, Campo de las Naciones 28042 Madrid (Madrid)",
      "pais_origen": "Francia",
      "lugar_procedencia": "Polonia",
      "denominacion_legal": "Queso fundido para untar y cocinar",
      "peso_neto": "200g",
      "numero_raciones": "1",
      "cantidad_neta_disgregada": "1x 200 g",
      "signo_estimacion": "Si"
    },
    "id": 278
  },
  {
    "url": "https://www.compraonline.alcampo.es/products/el-ventero-queso-en-lonchas-tierno-el-ventero-200-g/97034",
    "nombre": "EL VENTERO Queso en lonchas tierno EL VENTERO 200 g.",
    "precio": "3,30 €",
    "unidad": "200g",
    "precio_por_unidad": "16,52 € por kilogramo",
    "nutricion": {
      "valor_energetico_kj": "1567.0 Kj",
      "valor_energetico_kcal": "378.0 Kcal",
      "grasas_g": "32.0 g",
      "grasas_saturadas_g": "23.0 g",
      "hidratos_g": "1.5 g",
      "azucares_g": "0.5 g",
      "proteinas_g": "21.0 g",
      "sal_g": "1.4 g"
    },
    "caracteristicas": {
      "nombre_operador": "Lactalis Forlasa S.L.U.",
      "direccion_operador": "Avda. Reyes Católicos. 135. 02600 Villarrobledo",
      "pais_origen": "España",
      "lugar_procedencia": "España",
      "denominacion_legal": "Queso de mezcla tierno",
      "peso_neto": "200g"
    },
    "id": 279
  },
  {
    "url": "https://www.compraonline.alcampo.es/products/fage-yogur-natural-colado-receta-griega-con-tan-s%C3%B3lo-5-materia-grasa-total-500-g/240767",
    "nombre": "FAGE Yogur natural colado receta griega, con tan sólo 5% materia grasa Total 500 g.",
    "precio": "2,84 €",
    "unidad": "500g",
    "precio_por_unidad": "5,68 € por kilogramo",
    "nutricion": {
      "valor_energetico_kj": "389.0 Kj",
      "valor_energetico_kcal": "93.0 Kcal",
      "grasas_g": "5.0 g",
      "grasas_saturadas_g": "3.6 g",
      "hidratos_g": "3.0 g",
      "azucares_g": "3.0 g",
      "proteinas_g": "9.0 g",
      "sal_g": "0.1 g"
    },
    "caracteristicas": {
      "nombre_operador": "FAGE INTERNATIONAL S.A.",
      "direccion_operador": "145, Rue du Kiem, L-8030 Strassen, Luxembourg",
      "pais_origen": "Grecia",
      "denominacion_legal": "Yogur colado- Receta Griega",
      "peso_neto": "500g",
      "sabor": "Natural",
      "signo_estimacion": "Si"
    },
    "id": 280
  },
  {
    "url": "https://www.compraonline.alcampo.es/products/bonka-caf%C3%A9-molido-natural-descafeinado-250-g/16089",
    "nombre": "BONKA Café molido natural descafeinado 250 g.",
    "precio": "5,69 €",
    "unidad": "250g",
    "precio_por_unidad": "22,76 € por kilogramo",
    "nutricion": {
      "valor_energetico_kj": "966.0 Kj",
      "valor_energetico_kcal": "235.0 Kcal",
      "grasas_g": "11.7 g",
      "grasas_saturadas_g": "5.3 g",
      "hidratos_g": "0.1 g",
      "azucares_g": "0.1 g",
      "proteinas_g": "13.8 g",
      "sal_g": "0.01 g"
    },
    "caracteristicas": {
      "nombre_operador": "Nestlé España, S.A.",
      "direccion_operador": "NESTLÉ ESPAÑA, S.A. Edificio Nestlé - 08950 Esplugues de Llobregat (Barcelona).",
      "pais_origen": "España",
      "denominacion_legal": "Café molido de tueste natural descafeinado",
      "peso_neto": "250g",
      "cantidad_neta_disgregada": "250g",
      "signo_estimacion": "Si"
    },
    "id": 281
  },
  {
    "url": "https://www.compraonline.alcampo.es/products/zanuy-tortillas-de-harina-de-trigo-zanuy-8-uds/790748",
    "nombre": "ZANUY Tortillas de harina de trigo ZANUY 8 uds.",
    "precio": "0,96 €",
    "unidad": "320g",
    "precio_por_unidad": "3,00 € por kilogramo",
    "nutricion": {
      "valor_energetico_kj": "1192.0 Kj",
      "valor_energetico_kcal": "282.0 Kcal",
      "grasas_g": "3.4 g",
      "grasas_saturadas_g": "0.4 g",
      "hidratos_g": "53.0 g",
      "azucares_g": "2.2 g",
      "proteinas_g": "6.4 g",
      "sal_g": "0.9 g"
    },
    "caracteristicas": {
      "nombre_operador": "Liven S.A.",
      "direccion_operador": "P. I. La Valldan, c/ Germans Farguell 117, 08600 Berga (Barcelona) SPAIN",
      "pais_origen": "España",
      "denominacion_legal": "Tortillas de harina de trigo.",
      "peso_neto": "320g",
      "signo_estimacion": "Si"
    },
    "id": 282
  },
  {
    "url": "https://www.compraonline.alcampo.es/products/goya-refresco-agua-de-coco-lata-de-35-cl/437957",
    "nombre": "GOYA Refresco agua de coco lata de 35 cl.",
    "precio": "1,75 €",
    "unidad": "350ml",
    "precio_por_unidad": "5,00 € por litro",
    "nutricion": {
      "valor_energetico_kj": "138.0 Kj",
      "valor_energetico_kcal": "32.0 Kcal",
      "grasas_g": "0.0 g",
      "grasas_saturadas_g": "0.0 g",
      "hidratos_g": "8.1 g",
      "azucares_g": "6.2 g",
      "proteinas_g": "0.0 g",
      "sal_g": "0.09 g"
    },
    "caracteristicas": {
      "nombre_operador": "Goya Europa S.L.U.",
      "direccion_operador": "Avda. de la Constitución, 115 Pol. Industrial Monte Boyal 45950 Casarrubios del Monte (Toledo) España",
      "pais_origen": "Tailandia",
      "denominacion_legal": "Bebida de agua de coco con trocitos de pulpa",
      "formato": "Lata",
      "peso_neto": "350ml",
      "sabor": "Coco",
      "agrupacion": "Unidad",
      "capacidad": "35 cl.",
      "signo_estimacion": "Si"
    },
    "id": 283
  },
  {
    "url": "https://www.compraonline.alcampo.es/products/vi%C3%B1a-amate-vino-tinto-crianza-con-d-o-ca-rioja-botella-de-75-cl/41980",
    "nombre": "VIÑA AMATE Vino tinto crianza con D.O. Ca. Rioja botella de 75 cl.",
    "precio": "4,99 €",
    "nutricion": {
      "valor_energetico_kj": "347.0 Kj",
      "valor_energetico_kcal": "83.0 Kcal",
      "grasas_g": "0.0 g",
      "grasas_saturadas_g": "0.0 g",
      "hidratos_g": "0.2 g",
      "azucares_g": "0.2 g",
      "proteinas_g": "0.0 g",
      "sal_g": "0.0 g"
    },
    "caracteristicas": {
      "nombre_operador": "Viñedos de Aldeanueva S.C.",
      "direccion_operador": "Aldeanueva de ebro-España",
      "denominacion_legal": "Vino tinto",
      "signo_estimacion": "Si"
    },
    "id": 284
  },
  {
    "url": "https://www.compraonline.alcampo.es/products/campo-viejo-vino-tinto-crianza-con-d-o-ca-rioja-botella-de-75-cl/35140",
    "nombre": "CAMPO VIEJO  Vino tinto crianza con D.O. Ca. Rioja botella de 75 cl.",
    "precio": "5,41 €",
    "nutricion": {
      "valor_energetico_kj": "339.0 Kj",
      "valor_energetico_kcal": "82.0 Kcal",
      "grasas_g": "0.0 g",
      "grasas_saturadas_g": "0.0 g",
      "hidratos_g": "1.0 g",
      "azucares_g": "0.0 g",
      "proteinas_g": "0.0 g",
      "sal_g": "0.0 g"
    },
    "caracteristicas": {
      "nombre_operador": "PERNOD RICARD WINEMAKERS SPAIN, S.A.",
      "direccion_operador": "P° Mikeletegui- Parque Miramón 20009-  SAN SEBASTIAN",
      "denominacion_legal": "Vino",
      "signo_estimacion": "Si"
    },
    "id": 285
  },
  {
    "url": "https://www.compraonline.alcampo.es/products/fuze-tea-bebida-t%C3%A9-de-lim%C3%B3n-original-botella-pet-1-5-l/897986",
    "nombre": "FUZE TEA Bebida té de limón original botella pet 1.5 L",
    "precio": "1,89 €",
    "unidad": "1500ml",
    "precio_por_unidad": "1,26 € por litro",
    "nutricion": {
      "valor_energetico_kj": "80.0 Kj",
      "valor_energetico_kcal": "19.0 Kcal",
      "grasas_g": "0.0 g",
      "grasas_saturadas_g": "0.0 g",
      "hidratos_g": "4.5 g",
      "azucares_g": "4.5 g",
      "proteinas_g": "0.0 g",
      "sal_g": "0.03 g"
    },
    "caracteristicas": {
      "nombre_operador": "Coca-Cola Europacific Partners Iberia, S.L.U.",
      "direccion_operador": "C/Ribera del Loira 20-22, 28042 - Madrid (España).",
      "denominacion_legal": "Bebida refrescante de extractos. Con azúcar y edulcorantes.",
      "peso_neto": "1,5l",
      "numero_raciones": "6"
    },
    "id": 286
  },
  {
    "url": "https://www.compraonline.alcampo.es/products/fuze-tea-bebida-te-mango-pi%C3%B1a-original-botella-pet-1-5l/897999",
    "nombre": "FUZE TEA Bebida te mango piña original Botella pet 1.5l",
    "precio": "1,89 €",
    "unidad": "1000ml",
    "precio_por_unidad": "1,89 € por litro",
    "nutricion": {
      "valor_energetico_kj": "82.0 Kj",
      "valor_energetico_kcal": "19.0 Kcal",
      "grasas_g": "0.0 g",
      "grasas_saturadas_g": "0.0 g",
      "hidratos_g": "4.6 g",
      "azucares_g": "4.6 g",
      "proteinas_g": "0.0 g",
      "sal_g": "0.04 g"
    },
    "caracteristicas": {
      "nombre_operador": "Coca-Cola Europacific Partners Iberia, S.L.U.",
      "direccion_operador": "C/Ribera del Loira 20-22, 28042 - Madrid (España).",
      "denominacion_legal": "Bebida refrescante de extractos. Con azúcares y edulcorante.",
      "peso_neto": "1,5l",
      "numero_raciones": "6"
    },
    "id": 287
  },
  {
    "url": "https://www.compraonline.alcampo.es/products/extr%C3%A8me-cono-de-helado-de-fresa-y-nata-son-sirope-de-fresa-6-x-120-ml/549906",
    "nombre": "EXTRÈME Cono de helado de fresa y nata son sirope de fresa 6 x 120 ml.",
    "precio": "3,99 €",
    "unidad": "720ml",
    "precio_por_unidad": "5,54 € por litro",
    "nutricion": {
      "valor_energetico_kj": "1052.0 Kj",
      "valor_energetico_kcal": "251.0 Kcal",
      "grasas_g": "10.0 g",
      "grasas_saturadas_g": "7.5 g",
      "hidratos_g": "37.0 g",
      "azucares_g": "26.0 g",
      "proteinas_g": "2.5 g",
      "sal_g": "0.5 g"
    },
    "caracteristicas": {
      "nombre_operador": "Froneri Iberia, S.L.",
      "direccion_operador": "Zona Industrial Araia c/Intxerdui, 5 01250 ARAIA (Álava) España",
      "denominacion_legal": "Helado de fesa y helado sabor nata con barquillo de trigo y salsa de frutos rojos (12%)",
      "peso_neto": "438g",
      "sabor": "Fresa"
    },
    "id": 288
  },
  {
    "url": "https://www.compraonline.alcampo.es/products/nescaf%C3%A9-vital%C3%ADssimo-caf%C3%A9-soluble-natural-con-magnesio-200-g/10002",
    "nombre": "NESCAFÉ VITALÍSSIMO Café soluble natural con magnesio 200 g.",
    "precio": "8,41 €",
    "unidad": "200g",
    "precio_por_unidad": "42,05 € por kilogramo",
    "nutricion": {
      "valor_energetico_kj": "484.0 Kj",
      "valor_energetico_kcal": "118.0 Kcal",
      "grasas_g": "0.2 g",
      "grasas_saturadas_g": "0.1 g",
      "hidratos_g": "3.1 g",
      "azucares_g": "3.1 g",
      "proteinas_g": "7.8 g",
      "sal_g": "0.25 g"
    },
    "caracteristicas": {
      "nombre_operador": "Nestlé España, S.A.",
      "direccion_operador": "Av. Països Catalans, 25-51 08950 Esplugues de Llobregat (Barcelona)",
      "pais_origen": "España",
      "denominacion_legal": "Café soluble con magnesio",
      "peso_neto": "200g",
      "numero_raciones": "100 tazas aprox",
      "cantidad_neta_disgregada": "200g",
      "signo_estimacion": "Si"
    },
    "id": 289
  },
  {
    "url": "https://www.compraonline.alcampo.es/products/carretilla-macarrones-a-la-bolo%C3%B1esa-325-g/59667",
    "nombre": "CARRETILLA Macarrones a la Boloñesa 325 g.",
    "precio": "2,77 €",
    "unidad": "325g",
    "precio_por_unidad": "8,52 € por kilogramo",
    "nutricion": {
      "valor_energetico_kj": "570.0 Kj",
      "valor_energetico_kcal": "136.0 Kcal",
      "grasas_g": "5.9 g",
      "grasas_saturadas_g": "0.9 g",
      "hidratos_g": "16.9 g",
      "azucares_g": "4.2 g",
      "proteinas_g": "3.3 g",
      "sal_g": "1.21 g"
    },
    "caracteristicas": {
      "nombre_operador": "Ind. Alim. de Navarra, S.A.U.",
      "direccion_operador": "Pol.Peñalfons, s/n. 31330 Villafranca. Navarra - España",
      "denominacion_legal": "Macarrones Boloñesa",
      "peso_neto": "325g"
    },
    "id": 290
  },
  {
    "url": "https://www.compraonline.alcampo.es/products/naturacci-calzone-rellena-de-jam%C3%B3n-cocido-y-queso-380-g/742484",
    "nombre": "NATURACCI Calzone rellena de jamón cocido y queso 380 g.",
    "precio": "3,28 €",
    "unidad": "380g",
    "precio_por_unidad": "8,63 € por kilogramo",
    "nutricion": {
      "valor_energetico_kj": "835.0 Kj",
      "valor_energetico_kcal": "198.0 Kcal",
      "grasas_g": "4.9 g",
      "grasas_saturadas_g": "2.3 g",
      "hidratos_g": "27.82 g",
      "azucares_g": "1.3 g",
      "proteinas_g": "8.4 g",
      "sal_g": "1.35 g"
    },
    "caracteristicas": {
      "nombre_operador": "Petricor Alimentarias, S.L.",
      "direccion_operador": "Avda. Navarrete s/n, 26140 (Lardero) La Rioja",
      "denominacion_legal": "Calzone relleno",
      "peso_neto": "380g",
      "signo_estimacion": "Si"
    },
    "id": 291
  },
  {
    "url": "https://www.compraonline.alcampo.es/products/albe-queso-tierno-latino-albe-330-g/90086",
    "nombre": "ALBE Queso tierno Latino ALBE 330 g.",
    "precio": "2,89 €",
    "unidad": "330g",
    "precio_por_unidad": "8,76 € por kilogramo",
    "nutricion": {
      "valor_energetico_kj": "1182.0 Kj",
      "valor_energetico_kcal": "285.0 Kcal",
      "grasas_g": "22.0 g",
      "grasas_saturadas_g": "14.0 g",
      "hidratos_g": "2.5 g",
      "azucares_g": "1.7 g",
      "proteinas_g": "17.0 g",
      "sal_g": "1.6 g"
    },
    "caracteristicas": {
      "nombre_operador": "Lácteas del Jarama, S.A.",
      "direccion_operador": "C/ Torrelaguna, 79 - 28140 Fuente el Saz (Madrid).",
      "pais_origen": "España",
      "lugar_procedencia": "España",
      "denominacion_legal": "Queso fresco.",
      "peso_neto": "330g"
    },
    "id": 292
  },
  {
    "url": "https://www.compraonline.alcampo.es/products/coto-de-imaz-vino-tinto-reserva-con-d-o-ca-rioja-botella-75-cl/35085",
    "nombre": "COTO DE IMAZ  Vino tinto reserva con D.O. Ca. Rioja botella 75 cl.",
    "precio": "8,18 €",
    "nutricion": {
      "valor_energetico_kj": "330.0 Kj",
      "valor_energetico_kcal": "79.0 Kcal",
      "grasas_g": "0.0 g",
      "grasas_saturadas_g": "0.0 g",
      "hidratos_g": "2.15 g",
      "azucares_g": "0.13 g",
      "proteinas_g": "0.2 g",
      "sal_g": "0.0 g"
    },
    "caracteristicas": {
      "nombre_operador": "El Coto de Rioja",
      "direccion_operador": "Camino viejo de Logroño, 26 - 01320 Oyón (Alava)",
      "denominacion_legal": "Vino"
    },
    "id": 293
  },
  {
    "url": "https://www.compraonline.alcampo.es/products/galbani-mozzarella-light-galbani-125-g/54177",
    "nombre": "GALBANI Mozzarella light GALBANI 125 g.",
    "precio": "1,89 €",
    "unidad": "125g",
    "precio_por_unidad": "15,12 € por kilogramo",
    "nutricion": {
      "valor_energetico_kj": "690.0 Kj",
      "valor_energetico_kcal": "165.0 Kcal",
      "grasas_g": "9.0 g",
      "grasas_saturadas_g": "6.0 g",
      "hidratos_g": "2.0 g",
      "azucares_g": "1.0 g",
      "proteinas_g": "19.0 g",
      "sal_g": "1.0 g"
    },
    "caracteristicas": {
      "nombre_operador": "Lactalis Forlasa S.L.U.",
      "direccion_operador": "Avda. Reyes Católicos. 135. 02600 Villarrobledo",
      "pais_origen": "Italia",
      "lugar_procedencia": "Italia",
      "denominacion_legal": "Mozzarella Light",
      "peso_neto": "125g"
    },
    "id": 294
  },
  {
    "url": "https://www.compraonline.alcampo.es/products/bandeja-con-hamburguesa-de-pollo-con-calabac%C3%ADn-espinacas-y-queso-fundido-aldel%C3%ADs-4-x-80-g/244344",
    "nombre": "Bandeja con hamburguesa de pollo con calabacín, espinacas y queso fundido ALDELÍS 4 x 80 g.",
    "precio": "3,99 €",
    "unidad": "320g",
    "precio_por_unidad": "12,47 € por kilogramo",
    "nutricion": {
      "valor_energetico_kj": "756.0 Kj",
      "valor_energetico_kcal": "181.0 Kcal",
      "grasas_g": "12.1 g",
      "grasas_saturadas_g": "4.3 g",
      "hidratos_g": "4.5 g",
      "azucares_g": "1.5 g",
      "proteinas_g": "13.0 g",
      "sal_g": "2.08 g"
    },
    "caracteristicas": {
      "nombre_operador": "AVES NOBLES Y DERIVADOS S.L.",
      "direccion_operador": "C/Manfredonia,4. Pol.Ind.Plaza, 50197 Zaragoza",
      "pais_origen": "España",
      "lugar_procedencia": "Zaragoza, España.",
      "denominacion_legal": "Preparado de carne. Hamburguesa de pollo, calabacín y queso fundido.",
      "peso_neto": "320g",
      "signo_estimacion": "Si"
    },
    "id": 295
  },
  {
    "url": "https://www.compraonline.alcampo.es/products/pr%C3%A9sident-queso-brie-pr%C3%A9sident-200-g/96423",
    "nombre": "PRÉSIDENT Queso brie PRÉSIDENT 200 g.",
    "precio": "3,56 €",
    "unidad": "200g",
    "precio_por_unidad": "17,80 € por kilogramo",
    "nutricion": {
      "valor_energetico_kj": "1436.0 Kj",
      "valor_energetico_kcal": "347.0 Kcal",
      "grasas_g": "31.0 g",
      "grasas_saturadas_g": "22.0 g",
      "hidratos_g": "0.0 g",
      "azucares_g": "0.0 g",
      "proteinas_g": "17.0 g",
      "sal_g": "1.2 g"
    },
    "caracteristicas": {
      "nombre_operador": "Lactalis Forlasa S.L.U.",
      "direccion_operador": "Avda. Reyes Católicos. 135. 02600 Villarrobledo",
      "pais_origen": "Francia",
      "lugar_procedencia": "Francia",
      "denominacion_legal": "Brie - queso de pasta blanda elaborado a partir de leche de vaca pasteurizada",
      "peso_neto": "200g"
    },
    "id": 296
  },
  {
    "url": "https://www.compraonline.alcampo.es/products/starbucks-bebida-con-una-mezcla-fr%C3%ADa-de-caf%C3%A9-y-leche-cremosa-200-ml/89654",
    "nombre": "STARBUCKS Bebida con una mezcla fría de café y leche cremosa 200 ml.",
    "precio": "1,69 €",
    "unidad": "220ml",
    "precio_por_unidad": "7,68 € por litro",
    "nutricion": {
      "valor_energetico_kj": "296.0 Kj",
      "valor_energetico_kcal": "70.0 Kcal",
      "grasas_g": "2.6 g",
      "grasas_saturadas_g": "1.7 g",
      "hidratos_g": "8.9 g",
      "azucares_g": "8.5 g",
      "proteinas_g": "2.8 g",
      "sal_g": "0.08 g"
    },
    "caracteristicas": {
      "nombre_operador": "Arla Foods",
      "direccion_operador": "C/José Echegaray, 8, Edificio III, bajo, oficina 2, 28232 Las Rozas, Madrid, España,",
      "denominacion_legal": "Bebida de leche y café",
      "peso_neto": "230g"
    },
    "id": 297
  },
  {
    "url": "https://www.compraonline.alcampo.es/products/yogolino-de-nestl%C3%A9-natillas-con-sabor-a-vainilla-adaptadas-para-beb%C3%A9s-a-partir-de-6-meses-4-x-100-g/14485",
    "nombre": "YOGOLINO de Nestlé Natillas con sabor a vainilla, adaptadas para bebés a partir de 6 meses 4 x 100 g.",
    "precio": "2,65 €",
    "unidad": "400g",
    "precio_por_unidad": "6,63 € por kilogramo",
    "nutricion": {
      "valor_energetico_kj": "392.0 Kj",
      "valor_energetico_kcal": "93.0 Kcal",
      "grasas_g": "3.1 g",
      "grasas_saturadas_g": "1.9 g",
      "hidratos_g": "13.0 g",
      "azucares_g": "9.3 g",
      "proteinas_g": "3.1 g",
      "sal_g": "0.1 g"
    },
    "caracteristicas": {
      "nombre_operador": "Nestlé España, S.A.",
      "direccion_operador": "NESTLÉ ESPAÑA, S.A. C/ Clara Campoamor, nº2 08950 Esplugues de Llobregat (Barcelona)",
      "pais_origen": "Francia",
      "denominacion_legal": "Alimento infantil. Natillas.",
      "peso_neto": "400g",
      "numero_raciones": "4 tarrinas de 100g",
      "cantidad_neta_disgregada": "4x100g",
      "signo_estimacion": "Si"
    },
    "id": 298
  },
  {
    "url": "https://www.compraonline.alcampo.es/products/croissant-de-mantequilla-4-uds-250-g/90896",
    "nombre": "Croissant de mantequilla 4 uds 250 g.",
    "precio": "3,95 €",
    "unidad": "250g",
    "precio_por_unidad": "15,80 € por kilogramo",
    "nutricion": {
      "valor_energetico_kj": "0.0 Kj",
      "valor_energetico_kcal": "0.0 Kcal",
      "grasas_g": "0.0 g",
      "grasas_saturadas_g": "0.0 g",
      "hidratos_g": "0.0 g",
      "azucares_g": "0.0 g",
      "proteinas_g": "0.0 g",
      "sal_g": "0.0 g"
    },
    "caracteristicas": {
      "denominacion_legal": "croissant mantequilla",
      "peso_neto": "250g"
    },
    "id": 299
  },
  {
    "url": "https://www.compraonline.alcampo.es/products/producto-alcampo-tortillas-de-trigo-y-ma%C3%ADz-8-uds-320-g/436032",
    "nombre": "PRODUCTO ALCAMPO Tortillas de trigo y maíz 8 uds. 320 g.",
    "precio": "1,54 €",
    "unidad": "320g",
    "precio_por_unidad": "4,81 € por kilogramo",
    "nutricion": {
      "valor_energetico_kj": "1330.0 Kj",
      "valor_energetico_kcal": "316.0 Kcal",
      "grasas_g": "8.0 g",
      "grasas_saturadas_g": "1.4 g",
      "hidratos_g": "51.0 g",
      "azucares_g": "2.5 g",
      "proteinas_g": "8.2 g",
      "sal_g": "1.3 g"
    },
    "caracteristicas": {
      "nombre_operador": "AUCHAN SAS OIA",
      "direccion_operador": "200 rue de la recherche",
      "pais_origen": "Bélgica",
      "lugar_procedencia": ".",
      "denominacion_legal": "Tortillas de harina de trigo y maíz",
      "peso_neto": "0,32kg"
    },
    "id": 300
  },
  {
    "url": "https://www.compraonline.alcampo.es/products/auchan-queso-havarti-light-igp-en-loncha-200g/496855",
    "nombre": "AUCHAN Queso Havarti light IGP en loncha 200g",
    "precio": "2,49 €",
    "unidad": "200g",
    "precio_por_unidad": "12,45 € por kilogramo",
    "nutricion": {
      "valor_energetico_kj": "1087.0 Kj",
      "valor_energetico_kcal": "260.0 Kcal",
      "grasas_g": "16.0 g",
      "grasas_saturadas_g": "10.0 g",
      "hidratos_g": "0.1 g",
      "azucares_g": "0.1 g",
      "proteinas_g": "29.0 g",
      "sal_g": "1.7 g"
    },
    "caracteristicas": {
      "nombre_operador": "Alcampo, S.A.",
      "direccion_operador": "c/ Santiago de Compostela, Sur s/n, 28029 Madrid",
      "pais_origen": "Dinamarca",
      "lugar_procedencia": "Dinamarca",
      "denominacion_legal": "Queso de vaca madurado elaborado con leche pasteurizada con IGP. Envasado en atmósfera protectora.",
      "peso_neto": "200g",
      "numero_raciones": "10",
      "signo_estimacion": "Si"
    },
    "id": 301
  },
  {
    "url": "https://www.compraonline.alcampo.es/products/palcarsa-chorizo-de-le%C3%B3n-ahumado-y-picante-sin-gluten-y-de-categoria-extra-325-g/65705",
    "nombre": "PALCARSA Chorizo de León, ahumado y picante, sin gluten y de categoria extra 325 g.",
    "precio": "3,89 €",
    "unidad": "325g",
    "precio_por_unidad": "11,97 € por kilogramo",
    "nutricion": {
      "valor_energetico_kj": "1713.0 Kj",
      "valor_energetico_kcal": "413.0 Kcal",
      "grasas_g": "36.0 g",
      "grasas_saturadas_g": "13.0 g",
      "hidratos_g": "0.8 g",
      "azucares_g": "0.8 g",
      "proteinas_g": "26.0 g",
      "sal_g": "3.1 g"
    },
    "caracteristicas": {
      "nombre_operador": "Palcarsa, S.L.",
      "direccion_operador": "Carretera de León - Astorga, 24710 San Justo de la Vega, León",
      "pais_origen": "España",
      "denominacion_legal": "Chorizo extra de León sarta picante",
      "peso_neto": "325g"
    },
    "id": 302
  },
  {
    "url": "https://www.compraonline.alcampo.es/products/barilla-pasta-gourmet-la-collezione-mezze-penne-tricolores-n-170-macarrones-multivegetales-barilla-500-g/515118",
    "nombre": "BARILLA Pasta Gourmet La Collezione Mezze Penne Tricolores N.170 (Macarrones Multivegetales) BARILLA 500 g.",
    "precio": "2,33 €",
    "unidad": "500g",
    "precio_por_unidad": "4,66 € por kilogramo",
    "nutricion": {
      "valor_energetico_kj": "1521.0 Kj",
      "valor_energetico_kcal": "359.0 Kcal",
      "grasas_g": "2.0 g",
      "grasas_saturadas_g": "0.5 g",
      "hidratos_g": "71.0 g",
      "azucares_g": "3.5 g",
      "proteinas_g": "12.5 g",
      "sal_g": "0.0 g"
    },
    "caracteristicas": {
      "nombre_operador": "Barilla G. e R. Fratelli",
      "direccion_operador": "Via Mantova 166, Parma - Italy",
      "pais_origen": "Italia",
      "denominacion_legal": "pasta alimenticia de sémola de trigo duro con tomate y espinacas",
      "peso_neto": "500g"
    },
    "id": 303
  },
  {
    "url": "https://www.compraonline.alcampo.es/products/producto-alcampo-chocolate-con-leche-con-avellanas-enteras-tableta-180-g/428602",
    "nombre": "PRODUCTO ALCAMPO Chocolate con leche con avellanas enteras tableta 180 g.",
    "precio": "2,29 €",
    "unidad": "180g",
    "precio_por_unidad": "12,72 € por kilogramo",
    "nutricion": {
      "valor_energetico_kj": "2411.0 Kj",
      "valor_energetico_kcal": "579.0 Kcal",
      "grasas_g": "39.0 g",
      "grasas_saturadas_g": "15.0 g",
      "hidratos_g": "46.0 g",
      "azucares_g": "44.0 g",
      "proteinas_g": "9.5 g",
      "sal_g": "0.2 g"
    },
    "caracteristicas": {
      "nombre_operador": "AUCHAN SAS OIA",
      "direccion_operador": "200 rue de la recherche",
      "pais_origen": "Francia",
      "lugar_procedencia": ".",
      "denominacion_legal": "Chocolat lait aux noisettes entières torréfiées.",
      "peso_neto": "0,18kg"
    },
    "id": 304
  },
  {
    "url": "https://www.compraonline.alcampo.es/products/orbe-sardinas-en-aceite-de-oliva-virgen-extra-ecol%C3%B3gico-bajo-en-sal-orbe-87-g/88658",
    "nombre": "ORBE Sardinas en aceite de oliva virgen extra ecológico, bajo en sal ORBE 87 g.",
    "precio": "1,59 €",
    "unidad": "87g",
    "precio_por_unidad": "18,28 € por kilogramo",
    "nutricion": {
      "valor_energetico_kj": "845.0 Kj",
      "valor_energetico_kcal": "202.0 Kcal",
      "grasas_g": "12.0 g",
      "grasas_saturadas_g": "2.5 g",
      "hidratos_g": "1.0 g",
      "azucares_g": "0.0 g",
      "proteinas_g": "25.0 g",
      "sal_g": "0.94 g"
    },
    "caracteristicas": {
      "nombre_operador": "Orbe, s.a.",
      "direccion_operador": "Tomás A. Alonso, 106 36208 Vigo. Pontevedra",
      "denominacion_legal": "Sardinas en aceite de oliva virgen extra ecológico RR125",
      "peso_neto": "124g",
      "numero_raciones": "1"
    },
    "id": 305
  },
  {
    "url": "https://www.compraonline.alcampo.es/products/hellmann-s-salsa-mayonesa-en-formato-frasco-825-ml/432589",
    "nombre": "HELLMANN'S Salsa mayonesa en formato frasco  825 ml.",
    "precio": "4,91 €",
    "unidad": "825ml",
    "precio_por_unidad": "5,95 € por litro",
    "nutricion": {
      "valor_energetico_kj": "2315.0 Kj",
      "valor_energetico_kcal": "554.0 Kcal",
      "grasas_g": "61.0 g",
      "grasas_saturadas_g": "9.7 g",
      "hidratos_g": "2.2 g",
      "azucares_g": "1.4 g",
      "proteinas_g": "0.8 g",
      "sal_g": "1.1 g"
    },
    "caracteristicas": {
      "nombre_operador": "Unilever España, S.A.",
      "direccion_operador": "C/ Tecnología 19, 08840 Viladecans (Barcelona)",
      "pais_origen": "España",
      "denominacion_legal": "Mayonesa",
      "formato": "Frasco",
      "peso_neto": "825ml",
      "numero_raciones": "55"
    },
    "id": 306
  },
  {
    "url": "https://www.compraonline.alcampo.es/products/excelencia-aceituna-kalamata-frasco-250-g/640752",
    "nombre": "EXCELENCIA Aceituna kalamata frasco 250 g.",
    "precio": "1,99 €",
    "unidad": "250g",
    "precio_por_unidad": "7,96 € por kilogramo",
    "nutricion": {
      "valor_energetico_kj": "1208.0 Kj",
      "valor_energetico_kcal": "211.0 Kcal",
      "grasas_g": "22.0 g",
      "grasas_saturadas_g": "4.2 g",
      "hidratos_g": "0.1 g",
      "azucares_g": "0.1 g",
      "proteinas_g": "1.4 g",
      "sal_g": "3.5 g"
    },
    "caracteristicas": {
      "nombre_operador": "Aceitunas Guadalquivir, S. L.",
      "direccion_operador": "Camino de la Alcoba, s/n 41530 Morón de la Frontera (Sevilla)",
      "pais_origen": "Grecia",
      "denominacion_legal": "Aceitunas con hueso",
      "peso_neto": "420g",
      "signo_estimacion": "Si"
    },
    "id": 307
  },
  {
    "url": "https://www.compraonline.alcampo.es/products/mahou-cervezas-sin-alcohol-pack-de-12-latas-de-33-cl/438359",
    "nombre": "MAHOU Cervezas sin alcohol pack de 12 latas de 33 cl.",
    "precio": "7,67 €",
    "unidad": "3960ml",
    "precio_por_unidad": "1,94 € por litro",
    "nutricion": {
      "valor_energetico_kj": "106.0 Kj",
      "valor_energetico_kcal": "25.0 Kcal",
      "grasas_g": "0.0 g",
      "grasas_saturadas_g": "0.0 g",
      "hidratos_g": "4.6 g",
      "azucares_g": "1.5 g",
      "proteinas_g": "0.2 g",
      "sal_g": "0.0 g"
    },
    "caracteristicas": {
      "nombre_operador": "MAHOU, S.A.",
      "direccion_operador": "Calle Titán, 15  28045  Madrid",
      "pais_origen": "España",
      "denominacion_legal": "CERVEZA SIN ALCOHOL",
      "formato": "Lata",
      "peso_neto": "3,96l",
      "agrupacion": "Pack de 12",
      "capacidad": "33 cl.",
      "signo_estimacion": "Si"
    },
    "id": 308
  },
  {
    "url": "https://www.compraonline.alcampo.es/products/pr%C3%A9sident-crema-de-queso-para-untar-azul-pr%C3%A9sident-125-g/54948",
    "nombre": "PRÉSIDENT Crema de queso para untar azul PRÉSIDENT 125 g.",
    "precio": "1,75 €",
    "unidad": "125g",
    "precio_por_unidad": "14,00 € por kilogramo",
    "nutricion": {
      "valor_energetico_kj": "1118.0 Kj",
      "valor_energetico_kcal": "270.0 Kcal",
      "grasas_g": "24.0 g",
      "grasas_saturadas_g": "17.0 g",
      "hidratos_g": "2.0 g",
      "azucares_g": "2.0 g",
      "proteinas_g": "12.0 g",
      "sal_g": "2.7 g"
    },
    "caracteristicas": {
      "nombre_operador": "Lactalis Forlasa S.L.U.",
      "direccion_operador": "Avda. Reyes Católicos. 135. 02600 Villarrobledo",
      "pais_origen": "Francia",
      "lugar_procedencia": "Francia",
      "denominacion_legal": "Queso fundido",
      "peso_neto": "125g"
    },
    "id": 309
  },
  {
    "url": "https://www.compraonline.alcampo.es/products/rana-placas-de-pasta-elaborada-con-huevos-frescos-de-gallinas-camperas-rana-12-uds/85235",
    "nombre": "RANA Placas de pasta elaborada con huevos frescos de gallinas camperas RANA 12 uds.",
    "precio": "2,39 €",
    "unidad": "250g",
    "precio_por_unidad": "9,56 € por kilogramo",
    "nutricion": {
      "valor_energetico_kj": "1205.0 Kj",
      "valor_energetico_kcal": "284.0 Kcal",
      "grasas_g": "2.0 g",
      "grasas_saturadas_g": "0.6 g",
      "hidratos_g": "55.3 g",
      "azucares_g": "0.6 g",
      "proteinas_g": "9.3 g",
      "sal_g": "0.02 g"
    },
    "caracteristicas": {
      "nombre_operador": "Rana Hispania sau",
      "direccion_operador": "Avda Hermanos Bou 31, 12003 Castellon de la plana",
      "pais_origen": "Italia",
      "denominacion_legal": "placas de lasagna",
      "peso_neto": "250g",
      "numero_raciones": "2",
      "signo_estimacion": "Si"
    },
    "id": 310
  },
  {
    "url": "https://www.compraonline.alcampo.es/products/argal-bonnatur-jam%C3%B3n-cocido-extra-cortado-en-lonchas-enteras-175-g/528026",
    "nombre": "ARGAL Bonnatur Jamón cocido extra, cortado en lonchas enteras 175 g.",
    "precio": "2,54 €",
    "unidad": "175g",
    "precio_por_unidad": "14,53 € por kilogramo",
    "nutricion": {
      "valor_energetico_kj": "726.0 Kj",
      "valor_energetico_kcal": "145.0 Kcal",
      "grasas_g": "13.3 g",
      "grasas_saturadas_g": "1.5 g",
      "hidratos_g": "8.3 g",
      "azucares_g": "5.7 g",
      "proteinas_g": "3.8 g",
      "sal_g": "1.22 g"
    },
    "caracteristicas": {
      "nombre_operador": "ARGAL ALIMENTACIÓN, S.A.",
      "direccion_operador": "CALLE MOSEN DOMINGO AGUDO, 11 - 50015 - ZARAGOZA (ZARAGOZA)",
      "pais_origen": "España",
      "lugar_procedencia": "Zaragoza",
      "denominacion_legal": "Ensalda Mango",
      "peso_neto": "0,24kg"
    },
    "id": 311
  },
  {
    "url": "https://www.compraonline.alcampo.es/products/alcampo-ecol%C3%B3gico-bebida-de-soja-natural-ecol%C3%B3gica-1-l/38607",
    "nombre": "ALCAMPO ECOLÓGICO Bebida de soja natural ecológica 1 l.",
    "precio": "1,08 €",
    "unidad": "1000ml",
    "precio_por_unidad": "1,08 € por litro",
    "nutricion": {
      "valor_energetico_kj": "157.0 Kj",
      "valor_energetico_kcal": "38.0 Kcal",
      "grasas_g": "1.9 g",
      "grasas_saturadas_g": "0.4 g",
      "hidratos_g": "1.3 g",
      "azucares_g": "0.6 g",
      "proteinas_g": "3.5 g",
      "sal_g": "0.01 g"
    },
    "caracteristicas": {
      "nombre_operador": "Alcampo S.A.",
      "direccion_operador": "C/ Santiago de Compostela Sur S/N - 28029 Madrid Departamento de Calidad",
      "pais_origen": "Francia",
      "lugar_procedencia": "Saint Denis de l´hôtel",
      "denominacion_legal": "Bebida de soja natural ecologica",
      "peso_neto": "1l"
    },
    "id": 312
  },
  {
    "url": "https://www.compraonline.alcampo.es/products/producto-alcampo-pan-de-pay%C3%A9s-multicereales-sin-gluten-300-g/982227",
    "nombre": "PRODUCTO ALCAMPO Pan de payés multicereales sin gluten 300 g.",
    "precio": "3,25 €",
    "unidad": "300g",
    "precio_por_unidad": "10,83 € por kilogramo",
    "nutricion": {
      "valor_energetico_kj": "1187.0 Kj",
      "valor_energetico_kcal": "282.0 Kcal",
      "grasas_g": "8.0 g",
      "grasas_saturadas_g": "1.0 g",
      "hidratos_g": "45.0 g",
      "azucares_g": "2.7 g",
      "proteinas_g": "4.6 g",
      "sal_g": "0.88 g"
    },
    "caracteristicas": {
      "nombre_operador": "Airos Delicatessen S.L",
      "direccion_operador": "Camí de Can Bros, 8-10. 08760 Martorell (Barcelona) Spain.",
      "pais_origen": "España",
      "denominacion_legal": "Producto cocido elaborado a partir de mezcla de almidones y harina sin gluten",
      "peso_neto": "300g"
    },
    "id": 313
  },
  {
    "url": "https://www.compraonline.alcampo.es/products/pepsi-light-refresco-de-cola-light-botella-de-1-75-l/30716",
    "nombre": "PEPSI LIGHT Refresco de cola light botella de 1,75 l.",
    "precio": "1,61 €",
    "unidad": "1750ml",
    "precio_por_unidad": "0,92 € por litro",
    "nutricion": {
      "valor_energetico_kj": "2.0 Kj",
      "valor_energetico_kcal": "0.0 Kcal",
      "grasas_g": "0.0 g",
      "grasas_saturadas_g": "0.0 g",
      "hidratos_g": "0.0 g",
      "azucares_g": "0.0 g",
      "proteinas_g": "0.0 g",
      "sal_g": "0.0 g"
    },
    "caracteristicas": {
      "nombre_operador": "COMPAÑIA DE BEBIDAS PEPSICO SL",
      "direccion_operador": "CALLE MARIE CURIE, 7 PLANTA 1, EDIFICIO 8 VITORIA-GASTEIZ, ALAVA",
      "denominacion_legal": "Bebida refrescante aromatizada con edulcorantes",
      "formato": "Botella",
      "peso_neto": "1750g",
      "sabor": "Cola",
      "agrupacion": "Unidad",
      "capacidad": "De 1 a 2.5 l"
    },
    "id": 314
  },
  {
    "url": "https://www.compraonline.alcampo.es/products/mill%C3%A1n-vicente-queso-havarti-loncha-normal-1-a-2-mm/91893-LONCHA-NORMAL-1-A-2-MM",
    "nombre": "MILLÁN VICENTE Queso Havarti. - Loncha normal 1 a 2 mm",
    "precio": "4,17 €",
    "unidad": "Rango de peso: 225g - 375g",
    "precio_por_unidad": "13,90 € por kilogramo",
    "nutricion": {
      "valor_energetico_kj": "1724.0 Kj",
      "valor_energetico_kcal": "413.0 Kcal",
      "grasas_g": "38.0 g",
      "grasas_saturadas_g": "24.0 g",
      "hidratos_g": "0.5 g",
      "azucares_g": "0.0 g",
      "proteinas_g": "20.0 g",
      "sal_g": "1.6 g"
    },
    "caracteristicas": {
      "nombre_operador": "FrieslandCampina Iberia S.L.U.",
      "direccion_operador": "C/La Habana, 7 - 20198 La Muela (Zaragoza-España)",
      "pais_origen": "Dinamarca",
      "lugar_procedencia": "Indicación Geográfica Protegida",
      "denominacion_legal": "Queso havarti madurado",
      "peso_neto": "3kg"
    },
    "id": 315
  },
  {
    "url": "https://www.compraonline.alcampo.es/products/alcampo-ecol%C3%B3gico-mermelada-extra-de-fresa-alcampo-ecol%C3%B3gico-350-g/18716",
    "nombre": "ALCAMPO ECOLÓGICO Mermelada extra de fresa ALCAMPO ECOLÓGICO 350 g.",
    "precio": "1,99 €",
    "unidad": "350g",
    "precio_por_unidad": "5,69 € por kilogramo",
    "nutricion": {
      "valor_energetico_kj": "834.0 Kj",
      "valor_energetico_kcal": "196.0 Kcal",
      "grasas_g": "0.0 g",
      "grasas_saturadas_g": "0.0 g",
      "hidratos_g": "48.0 g",
      "azucares_g": "46.8 g",
      "proteinas_g": "0.5 g",
      "sal_g": "0.0 g"
    },
    "caracteristicas": {
      "nombre_operador": "ALCAMPO S.A.",
      "direccion_operador": "C/ Santiago de Compostela Sur S/N, 28029 Madrid",
      "denominacion_legal": "Mermelada Bio Fresa",
      "peso_neto": "350g",
      "signo_estimacion": "Si"
    },
    "id": 316
  },
  {
    "url": "https://www.compraonline.alcampo.es/products/manfong-arroz-frito-tres-delicias-listo-para-calentar-y-comer-manfong-300-g/80668",
    "nombre": "MANFONG Arroz frito tres delicias, listo para calentar y comer MANFONG 300 g.",
    "precio": "1,98 €",
    "unidad": "300g",
    "precio_por_unidad": "6,60 € por kilogramo",
    "nutricion": {
      "valor_energetico_kj": "523.0 Kj",
      "valor_energetico_kcal": "125.0 Kcal",
      "grasas_g": "1.5 g",
      "grasas_saturadas_g": "0.77 g",
      "hidratos_g": "22.5 g",
      "azucares_g": "2.32 g",
      "proteinas_g": "3.4 g",
      "sal_g": "12.2 g"
    },
    "caracteristicas": {
      "nombre_operador": "Man Fong Pacific Trading SA",
      "direccion_operador": "Av. Castila, 32 28830 San Fernando de Henares (Madrid)",
      "pais_origen": "España",
      "denominacion_legal": "Arroz frito 3 delicias",
      "peso_neto": "300g"
    },
    "id": 317
  },
  {
    "url": "https://www.compraonline.alcampo.es/products/producto-alcampo-magdalenas-con-pepitas-de-chocolate-sin-gluten-350-g/562796",
    "nombre": "PRODUCTO ALCAMPO Magdalenas con pepitas de chocolate, sin gluten 350 g.",
    "precio": "4,99 €",
    "unidad": "350g",
    "precio_por_unidad": "14,26 € por kilogramo",
    "nutricion": {
      "valor_energetico_kj": "1949.0 Kj",
      "valor_energetico_kcal": "467.0 Kcal",
      "grasas_g": "29.0 g",
      "grasas_saturadas_g": "5.1 g",
      "hidratos_g": "47.0 g",
      "azucares_g": "28.0 g",
      "proteinas_g": "4.0 g",
      "sal_g": "0.44 g"
    },
    "caracteristicas": {
      "nombre_operador": "Airos Delicatessen S.L",
      "direccion_operador": "Camí de Can Bros, 8-10. 08760 Martorell (Barcelona) Spain.",
      "pais_origen": "España",
      "denominacion_legal": "Magdalenas con pepitas de chocolate sin gluten",
      "peso_neto": "350g",
      "numero_raciones": "10"
    },
    "id": 318
  },
  {
    "url": "https://www.compraonline.alcampo.es/products/aquarade-bebida-isot%C3%B3nica-de-lim%C3%B3n-botella-de-1-5-litros/438842",
    "nombre": "AQUARADE Bebida isotónica de limón botella de 1,5 litros",
    "precio": "1,44 €",
    "unidad": "1500ml",
    "precio_por_unidad": "0,96 € por litro",
    "nutricion": {
      "valor_energetico_kj": "4.0 Kj",
      "valor_energetico_kcal": "0.0 Kcal",
      "grasas_g": "0.0 g",
      "grasas_saturadas_g": "0.0 g",
      "hidratos_g": "0.0 g",
      "azucares_g": "0.0 g",
      "proteinas_g": "0.0 g",
      "sal_g": "0.0 g"
    },
    "caracteristicas": {
      "nombre_operador": "COMPAÑIA DE BEBIDAS PEPSICO SL",
      "direccion_operador": "CALLE MARIE CURIE, 7 PLANTA 1, EDIFICIO 8 VITORIA-GASTEIZ, ALAVA",
      "denominacion_legal": "Bebida refrescante aromatizada sabor a limón, con edulcorantes.",
      "formato": "Botella",
      "peso_neto": "1500g",
      "sabor": "Limón",
      "agrupacion": "Unidad",
      "capacidad": "1.5 litros"
    },
    "id": 319
  },
  {
    "url": "https://www.compraonline.alcampo.es/products/piccolinis-minipizza-congelada-con-at%C3%BAn-de-buitoni-9-x-30-g/67218",
    "nombre": "PICCOLINIS Minipizza congelada con atún de Buitoni 9 x 30 g.",
    "precio": "2,95 €",
    "unidad": "270g",
    "precio_por_unidad": "10,93 € por kilogramo",
    "nutricion": {
      "valor_energetico_kj": "995.0 Kj",
      "valor_energetico_kcal": "237.0 Kcal",
      "grasas_g": "8.7 g",
      "grasas_saturadas_g": "1.1 g",
      "hidratos_g": "27.7 g",
      "azucares_g": "3.5 g",
      "proteinas_g": "10.8 g",
      "sal_g": "0.88 g"
    },
    "caracteristicas": {
      "nombre_operador": "Original Wagner Pizza GmbH",
      "direccion_operador": "In den Schemeln 4, D-66620 Nonnweiler - Alemania",
      "denominacion_legal": "Minipizza con atún. Comida preparada ultracongelada.",
      "peso_neto": "270g",
      "numero_raciones": "Contiene 3 porciones",
      "cantidad_neta_disgregada": "9x30g",
      "signo_estimacion": "Si"
    },
    "id": 320
  },
  {
    "url": "https://www.compraonline.alcampo.es/products/m%C3%A1rdel-dulce-de-leche-pastelero-450-g/28053",
    "nombre": "MÁRDEL Dulce de leche pastelero 450 g.",
    "precio": "3,37 €",
    "unidad": "450g",
    "precio_por_unidad": "7,49 € por kilogramo",
    "nutricion": {
      "valor_energetico_kj": "1344.0 Kj",
      "valor_energetico_kcal": "318.0 Kcal",
      "grasas_g": "6.0 g",
      "grasas_saturadas_g": "4.1 g",
      "hidratos_g": "58.0 g",
      "azucares_g": "58.0 g",
      "proteinas_g": "8.0 g",
      "sal_g": "0.4 g"
    },
    "caracteristicas": {
      "nombre_operador": "Caro Import S.L.",
      "direccion_operador": "Can Illa s/n Nave A - Pol. Ind. Can Met Sidro - 08530 La Garriga (Barcelona)",
      "pais_origen": "España",
      "lugar_procedencia": "Barcelona",
      "denominacion_legal": "Dulce de leche",
      "peso_neto": "450g",
      "numero_raciones": "22 raciones aprox.",
      "cantidad_neta_disgregada": "450 g"
    },
    "id": 321
  },
  {
    "url": "https://www.compraonline.alcampo.es/products/do%C3%B1a-arepa-harina-ma%C3%ADz-precocida-amarilla1-kg/29799",
    "nombre": "DOÑA AREPA Harina maíz precocida amarilla1 kg.",
    "precio": "2,08 €",
    "unidad": "1100g",
    "precio_por_unidad": "1,89 € por kilogramo",
    "nutricion": {
      "valor_energetico_kj": "1472.0 Kj",
      "valor_energetico_kcal": "349.0 Kcal",
      "grasas_g": "1.4 g",
      "grasas_saturadas_g": "0.1 g",
      "hidratos_g": "80.0 g",
      "azucares_g": "0.0 g",
      "proteinas_g": "7.4 g",
      "sal_g": "0.01 g"
    },
    "caracteristicas": {
      "nombre_operador": "Mercontrol E.D. S.L",
      "direccion_operador": "Juan de la Cierva, 36. 28823 COSLADA ( Madrid ).",
      "denominacion_legal": "Harina de maíz amarilla",
      "peso_neto": "1000g"
    },
    "id": 322
  },
  {
    "url": "https://www.compraonline.alcampo.es/products/campos-filetes-de-at%C3%BAn-sin-piel-congelados-campos-225-g/32129",
    "nombre": "CAMPOS Filetes de atún sin piel, congelados CAMPOS 225 g.",
    "precio": "5,75 €",
    "unidad": "225g",
    "precio_por_unidad": "25,56 € por kilogramo",
    "nutricion": {
      "valor_energetico_kj": "467.0 Kj",
      "valor_energetico_kcal": "111.0 Kcal",
      "grasas_g": "1.4 g",
      "grasas_saturadas_g": "0.4 g",
      "hidratos_g": "0.5 g",
      "azucares_g": "0.0 g",
      "proteinas_g": "24.0 g",
      "sal_g": "0.22 g"
    },
    "caracteristicas": {
      "nombre_operador": "Salica alimentos congelados, S.A.",
      "direccion_operador": "Parc. 11 y 12 - Pol. Ind. A Tomada - 15940 Pobra Do Caramiñal (A Coruña)",
      "denominacion_legal": "FILETES DE ATUN",
      "peso_neto": "225g",
      "signo_estimacion": "Si"
    },
    "id": 323
  },
  {
    "url": "https://www.compraonline.alcampo.es/products/fuze-tea-bebida-t%C3%A9-al-lim%C3%B3n-original-pack-2-de-botella-1-5-l/431371",
    "nombre": "FUZE TEA Bebida té al limón original pack 2 de Botella 1.5 l.",
    "precio": "3,60 €",
    "unidad": "3000ml",
    "precio_por_unidad": "1,20 € por litro",
    "nutricion": {
      "valor_energetico_kj": "80.0 Kj",
      "valor_energetico_kcal": "19.0 Kcal",
      "grasas_g": "0.0 g",
      "grasas_saturadas_g": "0.0 g",
      "hidratos_g": "4.5 g",
      "azucares_g": "4.5 g",
      "proteinas_g": "0.0 g",
      "sal_g": "0.03 g"
    },
    "caracteristicas": {
      "nombre_operador": "Coca-Cola Europacific Partners Iberia, S.L.U.",
      "direccion_operador": "C/Ribera del Loira 20-22, 28042 - Madrid (España).",
      "denominacion_legal": "Bebida refrescante de extractos. Con azúcar y edulcorantes.",
      "peso_neto": "3l",
      "cantidad_neta_disgregada": "2x1.5L"
    },
    "id": 324
  },
  {
    "url": "https://www.compraonline.alcampo.es/products/la-molisana-linguine-n%C2%BA-6-pasta-seca-500-g/523379",
    "nombre": "LA MOLISANA Linguine nº 6 (pasta seca) 500 g.",
    "precio": "1,89 €",
    "unidad": "500g",
    "precio_por_unidad": "3,78 € por kilogramo",
    "nutricion": {
      "valor_energetico_kj": "1498.0 Kj",
      "valor_energetico_kcal": "353.0 Kcal",
      "grasas_g": "1.0 g",
      "grasas_saturadas_g": "0.3 g",
      "hidratos_g": "70.0 g",
      "azucares_g": "4.0 g",
      "proteinas_g": "14.5 g",
      "sal_g": "0.02 g"
    },
    "caracteristicas": {
      "nombre_operador": "Delisur Europa",
      "direccion_operador": "C. de Ríos Rosas, 36 - 28003, Madrid",
      "denominacion_legal": "Linguine nº6",
      "peso_neto": "500g"
    },
    "id": 325
  },
  {
    "url": "https://www.compraonline.alcampo.es/products/alcampo-ecol%C3%B3gico-esp%C3%A1rragos-extra-alcampo-ecol%C3%B3gico-335-g/798870",
    "nombre": "ALCAMPO ECOLÓGICO Espárragos extra ALCAMPO ECOLÓGICO 335 g.",
    "precio": "5,99 €",
    "unidad": "205g",
    "precio_por_unidad": "29,22 € por kilogramo",
    "nutricion": {
      "valor_energetico_kj": "75.0 Kj",
      "valor_energetico_kcal": "18.0 Kcal",
      "grasas_g": "0.0 g",
      "grasas_saturadas_g": "0.0 g",
      "hidratos_g": "2.1 g",
      "azucares_g": "1.5 g",
      "proteinas_g": "1.6 g",
      "sal_g": "0.77 g"
    },
    "caracteristicas": {
      "nombre_operador": "Alcampo, S.A.",
      "direccion_operador": "C/ Santiago de Compostela Sur, s/n. 28029 Madrid",
      "pais_origen": "España",
      "denominacion_legal": "Espárrago Blanco de Navarra, calibre grueso 6/10 unidades. Categoría Extra. Producto Ecológico.",
      "peso_neto": "335g"
    },
    "id": 326
  },
  {
    "url": "https://www.compraonline.alcampo.es/products/monster-energy-ultra-red-bebida-energ%C3%A9tica-sin-az%C3%BAcar-lata-de-500-ml/889012",
    "nombre": "MONSTER Energy Ultra red Bebida energética sin azúcar lata de 500 ml.",
    "precio": "1,79 €",
    "unidad": "500ml",
    "precio_por_unidad": "3,58 € por litro",
    "nutricion": {
      "valor_energetico_kj": "14.0 Kj",
      "valor_energetico_kcal": "3.0 Kcal",
      "grasas_g": "0.0 g",
      "grasas_saturadas_g": "0.0 g",
      "hidratos_g": "0.9 g",
      "azucares_g": "0.0 g",
      "proteinas_g": "0.0 g",
      "sal_g": "0.19 g"
    },
    "caracteristicas": {
      "nombre_operador": "Monster Energy Limited",
      "direccion_operador": "South Bank House, Barrow Street, Dublin 4, Irlanda",
      "denominacion_legal": "Bebida energética carbonatada con taurina, ginseng, L-carnitina y vitaminas del grupo B. Con edulcorantes.",
      "formato": "Lata",
      "peso_neto": "0,5l",
      "sabor": "Otros sabores",
      "agrupacion": "Unidad",
      "capacidad": "50 cl.",
      "numero_raciones": "1"
    },
    "id": 327
  },
  {
    "url": "https://www.compraonline.alcampo.es/products/consorcio-queso-provoleta-con-or%C3%A9gano-consorcio-200-g/97119",
    "nombre": "CONSORCIO Queso provoleta con orégano CONSORCIO 200 g.",
    "precio": "3,65 €",
    "unidad": "200g",
    "precio_por_unidad": "18,25 € por kilogramo",
    "nutricion": {
      "valor_energetico_kj": "1404.0 Kj",
      "valor_energetico_kcal": "338.0 Kcal",
      "grasas_g": "26.4 g",
      "grasas_saturadas_g": "18.0 g",
      "hidratos_g": "0.0 g",
      "azucares_g": "0.0 g",
      "proteinas_g": "25.1 g",
      "sal_g": "1.7 g"
    },
    "caracteristicas": {
      "nombre_operador": "Consorcio de quesos tradicionales de España SA",
      "direccion_operador": "C/ Virgen del rosario S/N, 31869, Udabe, Navarra",
      "pais_origen": "Italia",
      "denominacion_legal": "Queso de vaca de pasta hilada",
      "peso_neto": "0,2kg"
    },
    "id": 328
  },
  {
    "url": "https://www.compraonline.alcampo.es/products/calvo-salm%C3%B3n-al-natural-3-uds-x-50-g/470458",
    "nombre": "CALVO Salmón al natural 3 uds. x 50 g.",
    "precio": "4,74 €",
    "unidad": "150g",
    "precio_por_unidad": "31,60 € por kilogramo",
    "nutricion": {
      "valor_energetico_kj": "336.0 Kj",
      "valor_energetico_kcal": "80.0 Kcal",
      "grasas_g": "4.0 g",
      "grasas_saturadas_g": "1.0 g",
      "hidratos_g": "1.0 g",
      "azucares_g": "0.0 g",
      "proteinas_g": "10.0 g",
      "sal_g": "1.0 g"
    },
    "caracteristicas": {
      "nombre_operador": "Calvo Distribución Alimentaria SLU",
      "direccion_operador": "Ctra. Coruña-Finisterre. 15106 Carballo. La Coruña",
      "pais_origen": "España",
      "denominacion_legal": "Salmón al natural",
      "peso_neto": "240g",
      "numero_raciones": "3"
    },
    "id": 329
  },
  {
    "url": "https://www.compraonline.alcampo.es/products/kas-refresco-de-naranja-lata-de-33-cl/34320",
    "nombre": "KAS Refresco de naranja lata de 33 cl.",
    "precio": "0,66 €",
    "unidad": "330ml",
    "precio_por_unidad": "2,00 € por litro",
    "nutricion": {
      "valor_energetico_kj": "88.0 Kj",
      "valor_energetico_kcal": "21.0 Kcal",
      "grasas_g": "0.0 g",
      "grasas_saturadas_g": "0.0 g",
      "hidratos_g": "4.9 g",
      "azucares_g": "4.7 g",
      "proteinas_g": "0.0 g",
      "sal_g": "0.0 g"
    },
    "caracteristicas": {
      "nombre_operador": "COMPAÑIA DE BEBIDAS PEPSICO SL",
      "direccion_operador": "CALLE MARIE CURIE, 7 PLANTA 1, EDIFICIO 8 VITORIA-GASTEIZ, ALAVA",
      "denominacion_legal": "Bebida refrescante de zumo de fruta con azúcar y edulcorante.",
      "formato": "Lata",
      "peso_neto": "330g",
      "sabor": "Naranja",
      "agrupacion": "Unidad",
      "capacidad": "33 cl."
    },
    "id": 330
  },
  {
    "url": "https://www.compraonline.alcampo.es/products/fanta-refresco-de-naranja-botella-pack-de-2-unds-x-2-l-botella/30296",
    "nombre": "FANTA Refresco de naranja botella pack de 2 unds x 2 L Botella",
    "precio": "3,00 €",
    "unidad": "4000ml",
    "precio_por_unidad": "0,75 € por litro",
    "nutricion": {
      "valor_energetico_kj": "75.0 Kj",
      "valor_energetico_kcal": "18.0 Kcal",
      "grasas_g": "0.0 g",
      "grasas_saturadas_g": "0.0 g",
      "hidratos_g": "4.1 g",
      "azucares_g": "4.1 g",
      "proteinas_g": "0.0 g",
      "sal_g": "0.0 g"
    },
    "caracteristicas": {
      "nombre_operador": "Coca-Cola Europacific Partners Iberia, S.L.U.",
      "direccion_operador": "C/Ribera del Loira 20-22, 28042 - Madrid (España).",
      "denominacion_legal": "Bebida refrescante de zumo de frutas. con azúcares y edulcorantes.",
      "formato": "Botella",
      "peso_neto": "4l",
      "sabor": "Naranja",
      "agrupacion": "Pack de 2",
      "capacidad": "2 litros",
      "cantidad_neta_disgregada": "2x2L"
    },
    "id": 331
  },
  {
    "url": "https://www.compraonline.alcampo.es/products/alhambra-especial-cerveza-botella-12-x-25-cl/888780",
    "nombre": "ALHAMBRA Especial Cerveza botella 12 x 25 cl.",
    "precio": "7,17 €",
    "unidad": "3000ml",
    "precio_por_unidad": "2,39 € por litro",
    "nutricion": {
      "valor_energetico_kj": "206.0 Kj",
      "valor_energetico_kcal": "49.0 Kcal",
      "grasas_g": "0.0 g",
      "grasas_saturadas_g": "0.0 g",
      "hidratos_g": "4.15 g",
      "azucares_g": "0.3 g",
      "proteinas_g": "0.3 g",
      "sal_g": "0.0 g"
    },
    "caracteristicas": {
      "nombre_operador": "MAHOU, S.A.",
      "direccion_operador": "Calle Titán, 15  28045  Madrid",
      "pais_origen": "España",
      "denominacion_legal": "CERVEZA ESPECIAL",
      "formato": "Botella",
      "peso_neto": "3l",
      "agrupacion": "Pack de 12",
      "capacidad": "25 cl.",
      "signo_estimacion": "Si"
    },
    "id": 332
  },
  {
    "url": "https://www.compraonline.alcampo.es/products/producto-alcampo-bio-fusilli-de-calidad-superior-procedente-de-agricultura-ecol%C3%B3gica-500-g/220648",
    "nombre": "PRODUCTO ALCAMPO Bio Fusilli de calidad superior procedente de agricultura ecológica 500 g.",
    "precio": "1,62 €",
    "unidad": "500g",
    "precio_por_unidad": "3,24 € por kilogramo",
    "nutricion": {
      "valor_energetico_kj": "1478.0 Kj",
      "valor_energetico_kcal": "349.0 Kcal",
      "grasas_g": "1.5 g",
      "grasas_saturadas_g": "0.3 g",
      "hidratos_g": "70.0 g",
      "azucares_g": "2.9 g",
      "proteinas_g": "12.0 g",
      "sal_g": "0.03 g"
    },
    "caracteristicas": {
      "nombre_operador": "AUCHAN SAS OIA",
      "direccion_operador": "200 rue de la recherche",
      "pais_origen": "España",
      "lugar_procedencia": ".",
      "denominacion_legal": "Pâtes alimentaires de qualité supérieure issues de l'agriculture biologique. Fabrication certifiée par ES-ECO-006-AR. Distribution certifiée par FR-BIO-01.",
      "peso_neto": "0,5kg"
    },
    "id": 333
  },
  {
    "url": "https://www.compraonline.alcampo.es/products/italpizza-pizza-congelada-a-los-5-quesos-410-g/951233",
    "nombre": "ITALPIZZA Pizza congelada a los 5 quesos 410 g.",
    "precio": "3,15 €",
    "unidad": "410g",
    "precio_por_unidad": "7,68 € por kilogramo",
    "nutricion": {
      "valor_energetico_kj": "995.0 Kj",
      "valor_energetico_kcal": "237.0 Kcal",
      "grasas_g": "10.0 g",
      "grasas_saturadas_g": "5.1 g",
      "hidratos_g": "25.0 g",
      "azucares_g": "0.7 g",
      "proteinas_g": "11.0 g",
      "sal_g": "1.0 g"
    },
    "caracteristicas": {
      "nombre_operador": "Italpizza",
      "direccion_operador": "Str. Gherbella 454/A 41126 Módena - Italia",
      "pais_origen": "Italia",
      "denominacion_legal": "Pizza 5 Quesos",
      "peso_neto": "410g"
    },
    "id": 334
  },
  {
    "url": "https://www.compraonline.alcampo.es/products/granini-bebida-de-naranja-y-mango-selecci%C3%B3n-botella-de-1-l/35076",
    "nombre": "GRANINI Bebida de naranja y mango Selección botella de 1 l.",
    "precio": "2,75 €",
    "unidad": "1000ml",
    "precio_por_unidad": "2,75 € por litro",
    "nutricion": {
      "valor_energetico_kj": "173.0 Kj",
      "valor_energetico_kcal": "41.0 Kcal",
      "grasas_g": "0.5 g",
      "grasas_saturadas_g": "0.1 g",
      "hidratos_g": "9.2 g",
      "azucares_g": "9.2 g",
      "proteinas_g": "0.5 g",
      "sal_g": "0.0 g"
    },
    "caracteristicas": {
      "nombre_operador": "Eckes-Granini Ibérica, S.A.U.",
      "direccion_operador": "Avda Diagonal, nº 514, 1er piso, puerta 1,2. 08006, Barcelona, Spain",
      "denominacion_legal": "Bebida refrescante de naranja-mango a partir de concentrado",
      "formato": "Botella",
      "peso_neto": "1l",
      "sabor": "Naranja",
      "agrupacion": "Unidad",
      "capacidad": "1 litro",
      "signo_estimacion": "Si"
    },
    "id": 335
  },
  {
    "url": "https://www.compraonline.alcampo.es/products/bonne-maman-mermelada-de-melocot%C3%B3n-370-gr/29238",
    "nombre": "BONNE MAMAN Mermelada de melocotón 370 gr.",
    "precio": "2,55 €",
    "unidad": "370g",
    "precio_por_unidad": "6,89 € por kilogramo",
    "nutricion": {
      "valor_energetico_kj": "1024.0 Kj",
      "valor_energetico_kcal": "241.0 Kcal",
      "grasas_g": "0.1 g",
      "grasas_saturadas_g": "0.0 g",
      "hidratos_g": "59.0 g",
      "azucares_g": "59.0 g",
      "proteinas_g": "0.4 g",
      "sal_g": "0.0 g"
    },
    "caracteristicas": {
      "nombre_operador": "COVACA, SA",
      "direccion_operador": "C/ Severo Ochoa, 95 - 08403 Granollers (Barcelona)",
      "lugar_procedencia": "Francia",
      "denominacion_legal": "Confitura Extra De Melocotón",
      "peso_neto": "370g"
    },
    "id": 336
  },
  {
    "url": "https://www.compraonline.alcampo.es/products/farinelli-linea-oro-tortelloni-de-pasta-fresca-al-huevo-rellenos-con-queso-250-g/718869",
    "nombre": "FARINELLI Linea oro Tortelloni de pasta fresca al huevo rellenos con queso 250 g.",
    "precio": "1,49 €",
    "unidad": "250g",
    "precio_por_unidad": "5,96 € por kilogramo",
    "nutricion": {
      "valor_energetico_kj": "1127.0 Kj",
      "valor_energetico_kcal": "266.0 Kcal",
      "grasas_g": "4.4 g",
      "grasas_saturadas_g": "2.1 g",
      "hidratos_g": "46.1 g",
      "azucares_g": "3.3 g",
      "proteinas_g": "10.5 g",
      "sal_g": "0.9 g"
    },
    "caracteristicas": {
      "nombre_operador": "Nuova Tort Uovo, S.R.L",
      "direccion_operador": "Via Pasquale Alecce, 13 00155 Roma",
      "pais_origen": "Italia",
      "denominacion_legal": "Pasta fresca al huevo con relleno de queso",
      "peso_neto": "250g",
      "numero_raciones": "2 porciones",
      "signo_estimacion": "Si"
    },
    "id": 337
  },
  {
    "url": "https://www.compraonline.alcampo.es/products/farinelli-linea-oro-tortelloni-de-pasta-fresca-al-huevo-rellenos-de-queso-ricotta-y-espinacas-250-g/718870",
    "nombre": "FARINELLI Linea oro Tortelloni de pasta fresca al huevo rellenos de queso Ricotta y espinacas 250 g.",
    "precio": "1,49 €",
    "unidad": "250g",
    "precio_por_unidad": "5,96 € por kilogramo",
    "nutricion": {
      "valor_energetico_kj": "982.0 Kj",
      "valor_energetico_kcal": "238.0 Kcal",
      "grasas_g": "6.3 g",
      "grasas_saturadas_g": "0.1 g",
      "hidratos_g": "37.5 g",
      "azucares_g": "3.4 g",
      "proteinas_g": "9.6 g",
      "sal_g": "1.1 g"
    },
    "caracteristicas": {
      "nombre_operador": "Nuova Tort Uovo, S.R.L",
      "direccion_operador": "Via Pasquale Alecce, 13 00155 Roma",
      "pais_origen": "Italia",
      "denominacion_legal": "Pasta fresca al huevo con relleno de ricotta y espinacas",
      "peso_neto": "250g",
      "numero_raciones": "2 porciones",
      "signo_estimacion": "Si"
    },
    "id": 338
  },
  {
    "url": "https://www.compraonline.alcampo.es/products/auchan-aros-de-avena-cacao-400-gr/62405",
    "nombre": "AUCHAN Aros de avena cacao 400 gr",
    "precio": "2,14 €",
    "unidad": "400g",
    "precio_por_unidad": "5,35 € por kilogramo",
    "nutricion": {
      "valor_energetico_kj": "1511.0 Kj",
      "valor_energetico_kcal": "360.0 Kcal",
      "grasas_g": "7.2 g",
      "grasas_saturadas_g": "1.6 g",
      "hidratos_g": "62.0 g",
      "azucares_g": "9.1 g",
      "proteinas_g": "9.1 g",
      "sal_g": "0.23 g"
    },
    "caracteristicas": {
      "nombre_operador": "Auchan Retail España S,L",
      "direccion_operador": "C/ Santiago Compostela Sur, s/n 28029 Madrid",
      "pais_origen": "España",
      "lugar_procedencia": "España",
      "denominacion_legal": "Aros de avena con cacao",
      "peso_neto": "400g",
      "numero_raciones": "de 30g cada una.",
      "signo_estimacion": "Si"
    },
    "id": 339
  },
  {
    "url": "https://www.compraonline.alcampo.es/products/ta-tung-gyozas-de-gambas-listas-para-calentar-y-comer-ta-tung-144-g/193415",
    "nombre": "TA-TUNG Gyozas de gambas, listas para calentar y comer TA-TUNG 144 g.",
    "precio": "3,60 €",
    "unidad": "144g",
    "precio_por_unidad": "25,00 € por kilogramo",
    "nutricion": {
      "valor_energetico_kj": "796.0 Kj",
      "valor_energetico_kcal": "189.0 Kcal",
      "grasas_g": "3.2 g",
      "grasas_saturadas_g": "0.4 g",
      "hidratos_g": "31.0 g",
      "azucares_g": "3.3 g",
      "proteinas_g": "7.9 g",
      "sal_g": "1.4 g"
    },
    "caracteristicas": {
      "nombre_operador": "Ta-Tung platos precocinados, S.L.",
      "direccion_operador": "Avda. de Torrelles de Llobregat, s/n. - Poligono La Barruana - 08620 Sant Vicenç dels Horts (Barcelona)",
      "denominacion_legal": "Dim sum Gyoza de gambas",
      "peso_neto": "144g"
    },
    "id": 340
  },
  {
    "url": "https://www.compraonline.alcampo.es/products/producto-alcampo-crema-de-cacao-y-leche-con-avellanas-500-g/15224",
    "nombre": "PRODUCTO ALCAMPO Crema de cacao y leche con avellanas 500 g.",
    "precio": "1,88 €",
    "unidad": "500g",
    "precio_por_unidad": "3,76 € por kilogramo",
    "nutricion": {
      "valor_energetico_kj": "2265.0 Kj",
      "valor_energetico_kcal": "542.0 Kcal",
      "grasas_g": "31.0 g",
      "grasas_saturadas_g": "6.4 g",
      "hidratos_g": "62.0 g",
      "azucares_g": "61.0 g",
      "proteinas_g": "3.1 g",
      "sal_g": "0.13 g"
    },
    "caracteristicas": {
      "nombre_operador": "Alcampo, S.A.",
      "direccion_operador": "c/ Santiago de Compostela, Sur s/n, 28029 Madrid",
      "pais_origen": "España",
      "lugar_procedencia": "España",
      "denominacion_legal": "crema para untar de cacao, leche y avellanas",
      "peso_neto": "500g",
      "numero_raciones": "25",
      "signo_estimacion": "Si"
    },
    "id": 341
  },
  {
    "url": "https://www.compraonline.alcampo.es/products/nuva-vino-blanco-frizzante-verdejo-con-bajo-contenido-en-alcohol-5-5-botella-75-cl/917193",
    "nombre": "NUVA Vino blanco frizzante verdejo, con bajo contenido en alcohol (5.5%) botella 75 cl.",
    "precio": "2,29 €",
    "nutricion": {
      "valor_energetico_kj": "263.0 Kj",
      "valor_energetico_kcal": "63.0 Kcal",
      "grasas_g": "0.1 g",
      "grasas_saturadas_g": "0.1 g",
      "hidratos_g": "10.0 g",
      "azucares_g": "8.0 g",
      "proteinas_g": "0.1 g",
      "sal_g": "0.0 g"
    },
    "caracteristicas": {
      "nombre_operador": "Torre Oria SL",
      "direccion_operador": "Ctra Ponton Utiel km3, 46390 Derramador",
      "denominacion_legal": "Cóctel Aromatizado de Productos Vitivinícolas"
    },
    "id": 342
  },
  {
    "url": "https://www.compraonline.alcampo.es/products/enjoy-refresco-tropical-botella-de-1-5-l/33607",
    "nombre": "ENJOY Refresco tropical botella de 1,5 l.",
    "precio": "1,13 €",
    "unidad": "1500ml",
    "precio_por_unidad": "0,75 € por litro",
    "nutricion": {
      "valor_energetico_kj": "68.0 Kj",
      "valor_energetico_kcal": "16.0 Kcal",
      "grasas_g": "0.0 g",
      "grasas_saturadas_g": "0.0 g",
      "hidratos_g": "4.0 g",
      "azucares_g": "4.0 g",
      "proteinas_g": "0.0 g",
      "sal_g": "0.03 g"
    },
    "caracteristicas": {
      "nombre_operador": "AGUA MINERAL SAN BENEDETTO, S.A.U.",
      "direccion_operador": "Camino del Pinarejo, s/n - 46390 San Antonio de Requena (Valencia)",
      "denominacion_legal": "Bebida refrescante de zumo de frutas (12%) con azúcar y edulcorantes",
      "formato": "Botella",
      "peso_neto": "1,5l",
      "sabor": "Tropical",
      "agrupacion": "Unidad",
      "capacidad": "1.5 litros"
    },
    "id": 343
  },
  {
    "url": "https://www.compraonline.alcampo.es/products/producto-alcampo-tableta-de-chocolate-negro-72-cacao-100-g/898716",
    "nombre": "PRODUCTO ALCAMPO Tableta de chocolate negro 72 % cacao 100 g.",
    "precio": "1,84 €",
    "unidad": "100g",
    "precio_por_unidad": "18,40 € por kilogramo",
    "nutricion": {
      "valor_energetico_kj": "2333.0 Kj",
      "valor_energetico_kcal": "562.0 Kcal",
      "grasas_g": "41.0 g",
      "grasas_saturadas_g": "26.0 g",
      "hidratos_g": "34.0 g",
      "azucares_g": "29.0 g",
      "proteinas_g": "8.0 g",
      "sal_g": "0.02 g"
    },
    "caracteristicas": {
      "nombre_operador": "Alcampo S.A",
      "direccion_operador": "C/Santiago de Compostela Sur s/n  28029 Madrid",
      "denominacion_legal": "Chocolate",
      "peso_neto": "100g",
      "signo_estimacion": "Si"
    },
    "id": 344
  },
  {
    "url": "https://www.compraonline.alcampo.es/products/pr%C3%A9sident-crema-de-brie-con-trufa-pr%C3%A9sident-105-g/863021",
    "nombre": "PRÉSIDENT Crema de Brie con trufa PRÉSIDENT 105 g",
    "precio": "1,75 €",
    "unidad": "105g",
    "precio_por_unidad": "16,67 € por kilogramo",
    "nutricion": {
      "valor_energetico_kj": "1086.0 Kj",
      "valor_energetico_kcal": "262.0 Kcal",
      "grasas_g": "23.0 g",
      "grasas_saturadas_g": "16.0 g",
      "hidratos_g": "1.8 g",
      "azucares_g": "1.3 g",
      "proteinas_g": "12.0 g",
      "sal_g": "2.0 g"
    },
    "caracteristicas": {
      "nombre_operador": "Lactalis Forlasa S.L.U.",
      "direccion_operador": "Avda. Reyes Católicos. 135. 02600 Villarrobledo",
      "pais_origen": "Francia",
      "lugar_procedencia": "Francia",
      "denominacion_legal": "Queso fundido",
      "peso_neto": "105g"
    },
    "id": 345
  },
  {
    "url": "https://www.compraonline.alcampo.es/products/fage-yogur-natural-colado-receta-griega-con-tan-s%C3%B3lo-5-materia-grasa-total-1-kg/904893",
    "nombre": "FAGE Yogur natural colado receta griega, con tan sólo 5% materia grasa Total 1 kg.",
    "precio": "6,45 €",
    "unidad": "1000g",
    "precio_por_unidad": "6,45 € por kilogramo",
    "nutricion": {
      "valor_energetico_kj": "389.0 Kj",
      "valor_energetico_kcal": "93.0 Kcal",
      "grasas_g": "5.0 g",
      "grasas_saturadas_g": "3.6 g",
      "hidratos_g": "3.0 g",
      "azucares_g": "3.0 g",
      "proteinas_g": "9.0 g",
      "sal_g": "0.1 g"
    },
    "caracteristicas": {
      "nombre_operador": "FAGE INTERNATIONAL S.A.",
      "direccion_operador": "145, Rue du Kiem, L-8030 Strassen, Luxembourg",
      "pais_origen": "Grecia",
      "denominacion_legal": "Yogur colado Receta Griega",
      "peso_neto": "1kg",
      "sabor": "Natural",
      "signo_estimacion": "Si"
    },
    "id": 346
  },
  {
    "url": "https://www.compraonline.alcampo.es/products/rana-tortellini-de-pasta-fresca-al-huevo-a-la-bolo%C3%B1esa-250-g/86550",
    "nombre": "RANA Tortellini de pasta fresca al huevo a la boloñesa 250 g.",
    "precio": "3,33 €",
    "unidad": "250g",
    "precio_por_unidad": "13,32 € por kilogramo",
    "nutricion": {
      "valor_energetico_kj": "1122.0 Kj",
      "valor_energetico_kcal": "267.0 Kcal",
      "grasas_g": "11.0 g",
      "grasas_saturadas_g": "2.2 g",
      "hidratos_g": "34.0 g",
      "azucares_g": "3.9 g",
      "proteinas_g": "11.0 g",
      "sal_g": "1.1 g"
    },
    "caracteristicas": {
      "nombre_operador": "Rana Hispania sau",
      "direccion_operador": "Avda Hermanos Bou 31, 12003 Castellon de la plana",
      "pais_origen": "Italia",
      "denominacion_legal": "Pasta fresca al huevo rellena de carne de vacuno y de cerdo",
      "peso_neto": "250g",
      "numero_raciones": "2",
      "signo_estimacion": "Si"
    },
    "id": 347
  },
  {
    "url": "https://www.compraonline.alcampo.es/products/pascual-bebida-vegetal-100-de-soja-calidad-superior-3-x-250-ml/519942",
    "nombre": "PASCUAL bebida vegetal (100%) de soja calidad superior 3 x 250 ml.",
    "precio": "1,60 €",
    "unidad": "750ml",
    "precio_por_unidad": "2,13 € por litro",
    "nutricion": {
      "valor_energetico_kj": "169.0 Kj",
      "valor_energetico_kcal": "41.0 Kcal",
      "grasas_g": "1.9 g",
      "grasas_saturadas_g": "0.3 g",
      "hidratos_g": "1.9 g",
      "azucares_g": "1.8 g",
      "proteinas_g": "3.5 g",
      "sal_g": "0.12 g"
    },
    "caracteristicas": {
      "nombre_operador": "Calidad Pascual, SAU.",
      "direccion_operador": "Ctra. De Palencia, s/n - 09400 Aranda de Duero (Burgos)",
      "pais_origen": "España",
      "lugar_procedencia": "España",
      "denominacion_legal": "Bebida de soja con aminoácidos, calcio y vitaminas D y B12",
      "peso_neto": "750ml",
      "numero_raciones": "Cada envase contiene 250 ml",
      "cantidad_neta_disgregada": "3X250ml"
    },
    "id": 348
  },
  {
    "url": "https://www.compraonline.alcampo.es/products/kas-zero-refresco-de-lim%C3%B3n-sin-az%C3%BAcares-a%C3%B1adidos-lata-de-33-cl/438746",
    "nombre": "KAS ZERO Refresco de limón sin azúcares añadidos lata de 33 cl.",
    "precio": "0,67 €",
    "unidad": "330ml",
    "precio_por_unidad": "2,03 € por litro",
    "nutricion": {
      "valor_energetico_kj": "16.0 Kj",
      "valor_energetico_kcal": "4.0 Kcal",
      "grasas_g": "0.0 g",
      "grasas_saturadas_g": "0.0 g",
      "hidratos_g": "0.0 g",
      "azucares_g": "0.0 g",
      "proteinas_g": "0.0 g",
      "sal_g": "0.0 g"
    },
    "caracteristicas": {
      "nombre_operador": "COMPAÑIA DE BEBIDAS PEPSICO SL",
      "direccion_operador": "CALLE MARIE CURIE, 7 PLANTA 1, EDIFICIO 8 VITORIA-GASTEIZ, ALAVA",
      "denominacion_legal": "Bebida refrescante de zumo de fruta con edulcorantes. Sin azúcares añadidos.",
      "formato": "Lata",
      "peso_neto": "330g",
      "sabor": "Limón",
      "agrupacion": "Unidad",
      "capacidad": "33 cl."
    },
    "id": 349
  },
  {
    "url": "https://www.compraonline.alcampo.es/products/alpro-bebida-de-avena-cremosa-100-vegetal-sin-az%C3%BAcares-a%C3%B1adidos-1-l/80030",
    "nombre": "ALPRO Bebida de avena cremosa, 100% vegetal, sin azúcares añadidos 1 l.",
    "precio": "1,99 €",
    "unidad": "1000ml",
    "precio_por_unidad": "1,99 € por litro",
    "nutricion": {
      "valor_energetico_kj": "188.0 Kj",
      "valor_energetico_kcal": "45.0 Kcal",
      "grasas_g": "0.8 g",
      "grasas_saturadas_g": "0.2 g",
      "hidratos_g": "7.7 g",
      "azucares_g": "5.0 g",
      "proteinas_g": "1.3 g",
      "sal_g": "0.04 g"
    },
    "caracteristicas": {
      "nombre_operador": "Danone S.A.",
      "direccion_operador": "Buenos aires, 21 08029 Barcelona Barcelona",
      "pais_origen": "España",
      "denominacion_legal": "Bebida de avena con calcio y vitaminas añadidas.",
      "peso_neto": "1000ml"
    },
    "id": 350
  },
  {
    "url": "https://www.compraonline.alcampo.es/products/producto-alcampo-quinoa-blanca-y-roja-cocida-2-x-125-g/798108",
    "nombre": "PRODUCTO ALCAMPO Quinoa blanca y roja cocida 2 x 125 g.",
    "precio": "1,32 €",
    "unidad": "250g",
    "precio_por_unidad": "5,28 € por kilogramo",
    "nutricion": {
      "valor_energetico_kj": "543.0 Kj",
      "valor_energetico_kcal": "129.0 Kcal",
      "grasas_g": "2.6 g",
      "grasas_saturadas_g": "0.3 g",
      "hidratos_g": "20.0 g",
      "azucares_g": "1.0 g",
      "proteinas_g": "4.2 g",
      "sal_g": "0.3 g"
    },
    "caracteristicas": {
      "nombre_operador": "Alcampo, S.A.",
      "direccion_operador": "c/ Santiago de Compostela, Sur s/n, 28029 Madrid",
      "denominacion_legal": "Quinoa real blanca y roja cocida. Plato preparado. Listo para consumir.",
      "peso_neto": "125g",
      "numero_raciones": "2",
      "signo_estimacion": "Si"
    },
    "id": 351
  },
  {
    "url": "https://www.compraonline.alcampo.es/products/gallo-salsa-pesto-a-base-de-albahaca-190-g/886994",
    "nombre": "GALLO Salsa Pesto a base de albahaca 190 g",
    "precio": "1,69 €",
    "unidad": "190g",
    "precio_por_unidad": "8,89 € por kilogramo",
    "nutricion": {
      "valor_energetico_kj": "1722.0 Kj",
      "valor_energetico_kcal": "417.0 Kcal",
      "grasas_g": "40.0 g",
      "grasas_saturadas_g": "5.2 g",
      "hidratos_g": "9.8 g",
      "azucares_g": "6.1 g",
      "proteinas_g": "4.0 g",
      "sal_g": "3.3 g"
    },
    "caracteristicas": {
      "nombre_operador": "COMERCIAL GALLO, S.A.U.",
      "direccion_operador": "Avda Diagonal 468, 4-C. Barcelona. España",
      "pais_origen": "España",
      "denominacion_legal": "SALSA A BASE DE ALBAHACA PICADA Y MEZCLADA CON ACEITE, QUESOS, ANACARDOS Y PIÑONES",
      "peso_neto": "190g",
      "signo_estimacion": "Si"
    },
    "id": 352
  },
  {
    "url": "https://www.compraonline.alcampo.es/products/barilla-salsa-ricotta-con-base-de-tomate-barilla-400-g/219620",
    "nombre": "BARILLA Salsa Ricotta con base de tomate BARILLA 400 g.",
    "precio": "3,13 €",
    "unidad": "400g",
    "precio_por_unidad": "7,83 € por kilogramo",
    "nutricion": {
      "valor_energetico_kj": "402.0 Kj",
      "valor_energetico_kcal": "97.0 Kcal",
      "grasas_g": "5.8 g",
      "grasas_saturadas_g": "1.9 g",
      "hidratos_g": "6.8 g",
      "azucares_g": "5.0 g",
      "proteinas_g": "3.4 g",
      "sal_g": "0.0 g"
    },
    "caracteristicas": {
      "nombre_operador": "Barilla G. e R. Fratelli",
      "direccion_operador": "Via Mantova 166, Parma - Italy",
      "pais_origen": "Italia",
      "denominacion_legal": "salsa de tomate con queso ricotta",
      "peso_neto": "400g"
    },
    "id": 353
  },
  {
    "url": "https://www.compraonline.alcampo.es/products/calvo-at%C3%BAn-claro-en-aceite-de-oliva-ligero-pack-de-3-x-56-g/44090",
    "nombre": "CALVO Atún claro en aceite de oliva ligero pack de 3 x 56 g.",
    "precio": "4,23 €",
    "unidad": "168g",
    "precio_por_unidad": "25,18 € por kilogramo",
    "nutricion": {
      "valor_energetico_kj": "623.0 Kj",
      "valor_energetico_kcal": "148.0 Kcal",
      "grasas_g": "7.0 g",
      "grasas_saturadas_g": "1.0 g",
      "hidratos_g": "1.0 g",
      "azucares_g": "0.0 g",
      "proteinas_g": "21.0 g",
      "sal_g": "1.0 g"
    },
    "caracteristicas": {
      "nombre_operador": "Calvo Distribución Alimentaria SLU",
      "direccion_operador": "Ctra. Coruña-Finisterre. 15106 Carballo. La Coruña",
      "pais_origen": "España",
      "lugar_procedencia": "NO Aplica",
      "denominacion_legal": "Atún claro Ligero con aceite de oliva",
      "peso_neto": "180g",
      "numero_raciones": "3",
      "cantidad_neta_disgregada": "3x60gr",
      "signo_estimacion": "Si"
    },
    "id": 354
  },
  {
    "url": "https://www.compraonline.alcampo.es/products/pescanova-filetes-merluza-del-cabo-sin-piel-de-tama%C3%B1o-mediano-ideales-para-plancha-o-rebozar-400-g/60003",
    "nombre": "PESCANOVA Filetes merluza del Cabo, sin piel de tamaño mediano, ideales para plancha o rebozar 400 g.",
    "precio": "5,99 €",
    "unidad": "400g",
    "precio_por_unidad": "14,98 € por kilogramo",
    "nutricion": {
      "valor_energetico_kj": "338.0 Kj",
      "valor_energetico_kcal": "80.0 Kcal",
      "grasas_g": "2.3 g",
      "grasas_saturadas_g": "0.4 g",
      "hidratos_g": "0.0 g",
      "azucares_g": "0.0 g",
      "proteinas_g": "14.9 g",
      "sal_g": "0.35 g"
    },
    "caracteristicas": {
      "nombre_operador": "Pescanova España S.L.U",
      "direccion_operador": "Rúa José Fernández López S/N 36320 Chapela-Redondela-Pontevedra-España",
      "denominacion_legal": "Filetes de Merluza sin piel Medianos. Ultracongelados.",
      "peso_neto": "400g"
    },
    "id": 355
  },
  {
    "url": "https://www.compraonline.alcampo.es/products/pompadour-infusi%C3%B3n-jengibre-con-mango-45-g/502284",
    "nombre": "POMPADOUR Infusión jengibre con mango 45 g.",
    "precio": "2,65 €",
    "nutricion": {
      "valor_energetico_kj": "3.0 Kj",
      "valor_energetico_kcal": "1.0 Kcal",
      "grasas_g": "0.0 g",
      "grasas_saturadas_g": "0.0 g",
      "hidratos_g": "0.0 g",
      "azucares_g": "0.0 g",
      "proteinas_g": "0.0 g",
      "sal_g": "0.0 g"
    },
    "caracteristicas": {
      "nombre_operador": "Pompadour Ibérica S.A.,",
      "direccion_operador": "CTRA. A MADRID KM 405, POL. IND. LAS ATALAYAS PARCELA 8A 03114 ALICANTE",
      "denominacion_legal": "Jengibre con mango",
      "peso_neto": "45g",
      "numero_raciones": "20",
      "cantidad_neta_disgregada": "20x2.25 g",
      "signo_estimacion": "Si"
    },
    "id": 356
  },
  {
    "url": "https://www.compraonline.alcampo.es/products/monster-energy-ultra-white-zero-bebida-energ%C3%A9tica-sin-az%C3%BAcar-pack-lata-4-unds-x-500-ml/615920",
    "nombre": "MONSTER Energy Ultra white zero Bebida energética sin azúcar pack lata 4 unds x 500 ml.",
    "precio": "6,35 €",
    "unidad": "2000ml",
    "precio_por_unidad": "3,18 € por litro",
    "nutricion": {
      "valor_energetico_kj": "10.0 Kj",
      "valor_energetico_kcal": "2.0 Kcal",
      "grasas_g": "0.0 g",
      "grasas_saturadas_g": "0.0 g",
      "hidratos_g": "0.9 g",
      "azucares_g": "0.0 g",
      "proteinas_g": "0.0 g",
      "sal_g": "0.2 g"
    },
    "caracteristicas": {
      "nombre_operador": "Monster Energy Limited",
      "direccion_operador": "South Bank House, Barrow Street, Dublin 4, Irlanda",
      "denominacion_legal": "Bebida energética carbonatada con taurina, ginseng, cafeína, L-carnitina y vitaminas del grupo B. Con edulcorantes.",
      "formato": "Lata",
      "peso_neto": "2l",
      "agrupacion": "Pack de 4",
      "capacidad": "50 cl.",
      "cantidad_neta_disgregada": "4x500ml"
    },
    "id": 357
  },
  {
    "url": "https://www.compraonline.alcampo.es/products/reese-s-chocolatina-con-crema-de-cacahuete-79-g/530442",
    "nombre": "REESE'S Chocolatina con crema de cacahuete 79 g.",
    "precio": "1,58 €",
    "unidad": "79g",
    "precio_por_unidad": "20,00 € por kilogramo",
    "nutricion": {
      "valor_energetico_kj": "2112.0 Kj",
      "valor_energetico_kcal": "522.0 Kcal",
      "grasas_g": "29.3 g",
      "grasas_saturadas_g": "10.7 g",
      "hidratos_g": "56.2 g",
      "azucares_g": "51.8 g",
      "proteinas_g": "10.8 g",
      "sal_g": "0.81 g"
    },
    "caracteristicas": {
      "nombre_operador": "Tentafoods, S.L",
      "direccion_operador": "Vía Augusta 147, 3ª planta 08021 Barcelona",
      "pais_origen": "Estados Unidos",
      "lugar_procedencia": "Estados Unidos",
      "denominacion_legal": "Snack de chocolate",
      "peso_neto": "79g",
      "signo_estimacion": "Si"
    },
    "id": 358
  },
  {
    "url": "https://www.compraonline.alcampo.es/products/mccain-julienne-patatas-con-corte-fino-prefritas-y-ultracongeladas-para-hacer-en-freidora-de-aire-600-g/785677",
    "nombre": "McCAIN Julienne Patatas con corte fino, prefritas y ultracongeladas, para hacer en freidora de aire  600 g.",
    "precio": "3,41 €",
    "unidad": "600g",
    "precio_por_unidad": "5,68 € por kilogramo",
    "nutricion": {
      "valor_energetico_kj": "725.0 Kj",
      "valor_energetico_kcal": "173.0 Kcal",
      "grasas_g": "7.0 g",
      "grasas_saturadas_g": "0.8 g",
      "hidratos_g": "23.0 g",
      "azucares_g": "0.5 g",
      "proteinas_g": "3.0 g",
      "sal_g": "0.4 g"
    },
    "caracteristicas": {
      "nombre_operador": "McCain Food Europe B.V.",
      "direccion_operador": "Oranjeplaatweg 4A, 4458 NM - Lewedorp - The Netherlands",
      "pais_origen": "Unión Europea",
      "denominacion_legal": "Patatas de corte fino con un crujiente rebozado, prefritas y ultracongeladas.",
      "peso_neto": "600g",
      "signo_estimacion": "Si"
    },
    "id": 359
  },
  {
    "url": "https://www.compraonline.alcampo.es/products/old-el-paso-tortillas-mexicanas-6-unidades-old-el-paso-216-g/610962",
    "nombre": "OLD EL PASO Tortillas Mexicanas ( 6 unidades ) OLD EL PASO 216 g",
    "precio": "2,49 €",
    "unidad": "216g",
    "precio_por_unidad": "11,53 € por kilogramo",
    "nutricion": {
      "valor_energetico_kj": "1125.0 Kj",
      "valor_energetico_kcal": "266.0 Kcal",
      "grasas_g": "1.5 g",
      "grasas_saturadas_g": "0.6 g",
      "hidratos_g": "59.2 g",
      "azucares_g": "2.3 g",
      "proteinas_g": "1.9 g",
      "sal_g": "1.17 g"
    },
    "caracteristicas": {
      "nombre_operador": "General Mills Ibérica S.A.U.",
      "direccion_operador": "Serrano Galvache, 56, Complejo Parque Norte, Edificio Álamo, planta 12, 28033 Madrid, España.",
      "denominacion_legal": "Tortillas de tapioca, maíz y quinoa. Sin gluten.",
      "peso_neto": "216g",
      "numero_raciones": "Contiene 6 porciones",
      "signo_estimacion": "Si"
    },
    "id": 360
  },
  {
    "url": "https://www.compraonline.alcampo.es/products/nestl%C3%A9-kefir-l%C3%ADquido-natural-elaborado-con-fermentos-l%C3%A1cteos-y-levaduras-de-6-x-100-g/422961",
    "nombre": "NESTLÉ Kefir líquido natural, elaborado con fermentos lácteos y levaduras de 6 x 100 g.",
    "precio": "2,68 €",
    "unidad": "588ml",
    "precio_por_unidad": "4,56 € por litro",
    "nutricion": {
      "valor_energetico_kj": "151.0 Kj",
      "valor_energetico_kcal": "35.0 Kcal",
      "grasas_g": "0.1 g",
      "grasas_saturadas_g": "0.1 g",
      "hidratos_g": "4.9 g",
      "azucares_g": "4.9 g",
      "proteinas_g": "3.7 g",
      "sal_g": "0.17 g"
    },
    "caracteristicas": {
      "nombre_operador": "Lactalis Nestlé",
      "direccion_operador": "Avenida de la Fama, 16-20 08940 Cornellá de Llobregat (Barcelona)",
      "denominacion_legal": "Leche fermentada desnatada, con levaduras y gránulos de kéfir.",
      "peso_neto": "600g",
      "sabor": "Natural",
      "numero_raciones": "6x100g. 6x96ml",
      "cantidad_neta_disgregada": "6x100g; 6x96ml",
      "signo_estimacion": "Si"
    },
    "id": 361
  },
  {
    "url": "https://www.compraonline.alcampo.es/products/mejillones-malla-1-kg/73625",
    "nombre": "Mejillones malla 1 kg.",
    "precio": "2,49 €",
    "unidad": "1000g",
    "precio_por_unidad": "2,49 € por kilogramo",
    "nutricion": {
      "valor_energetico_kj": "360.0 Kj",
      "valor_energetico_kcal": "86.0 Kcal",
      "grasas_g": "2.2 g",
      "grasas_saturadas_g": "0.4 g",
      "hidratos_g": "0.0 g",
      "azucares_g": "0.0 g",
      "proteinas_g": "11.9 g",
      "sal_g": "0.72 g"
    },
    "caracteristicas": {
      "nombre_operador": "MARISCOS CAMPELO, S. A.",
      "direccion_operador": "O Berbés, Puerto Pesquero, \n36202 Vigo, Pontevedra.",
      "pais_origen": "España",
      "lugar_procedencia": "Pontevedra",
      "denominacion_legal": "Mejillón",
      "peso_neto": "1kg",
      "cantidad_neta_disgregada": "10 x 1 kg"
    },
    "id": 362
  },
  {
    "url": "https://www.compraonline.alcampo.es/products/valentina-salsa-roja-picante-valentina-370-ml/621845",
    "nombre": "VALENTINA Salsa roja picante VALENTINA 370 ml",
    "precio": "2,69 €",
    "unidad": "370ml",
    "precio_por_unidad": "7,27 € por litro",
    "nutricion": {
      "valor_energetico_kj": "0.0 Kj",
      "valor_energetico_kcal": "0.0 Kcal",
      "grasas_g": "0.0 g",
      "grasas_saturadas_g": "0.0 g",
      "hidratos_g": "0.0 g",
      "azucares_g": "0.0 g",
      "proteinas_g": "0.0 g",
      "sal_g": "4.75 g"
    },
    "caracteristicas": {
      "nombre_operador": "Importaciones cuesta S.L.",
      "direccion_operador": "C/ del Puerto de Guadarrama, 28 - 28935 -Móstoles (Madrid).",
      "pais_origen": "Mexico",
      "denominacion_legal": "Salsa picante etiqueta roja",
      "peso_neto": "370ml"
    },
    "id": 363
  },
  {
    "url": "https://www.compraonline.alcampo.es/products/hellmann-s-salsa-mayonesa-en-formato-bote-bocabajo-250-ml/886813",
    "nombre": "HELLMANN'S Salsa mayonesa en formato bote bocabajo  250 ml.",
    "precio": "2,10 €",
    "unidad": "250ml",
    "precio_por_unidad": "8,40 € por litro",
    "nutricion": {
      "valor_energetico_kj": "2395.0 Kj",
      "valor_energetico_kcal": "573.0 Kcal",
      "grasas_g": "63.0 g",
      "grasas_saturadas_g": "10.0 g",
      "hidratos_g": "2.3 g",
      "azucares_g": "1.5 g",
      "proteinas_g": "0.8 g",
      "sal_g": "1.1 g"
    },
    "caracteristicas": {
      "nombre_operador": "Unilever España, S.A.",
      "direccion_operador": "C/ Tecnología 19, 08840 Viladecans (Barcelona)",
      "pais_origen": "España",
      "denominacion_legal": "Mayonesa",
      "formato": "Bote",
      "peso_neto": "250ml",
      "numero_raciones": "16"
    },
    "id": 364
  },
  {
    "url": "https://www.compraonline.alcampo.es/products/vivesoy-de-pascual-bebida-vegetal-de-soja-ligera-sin-az%C3%BAcar-6-x-1-l/193050",
    "nombre": "VIVESOY de Pascual Bebida vegetal de soja ligera, sin azúcar 6 x 1 l.",
    "precio": "9,60 €",
    "unidad": "6000ml",
    "precio_por_unidad": "1,60 € por litro",
    "nutricion": {
      "valor_energetico_kj": "113.0 Kj",
      "valor_energetico_kcal": "27.0 Kcal",
      "grasas_g": "1.4 g",
      "grasas_saturadas_g": "0.2 g",
      "hidratos_g": "0.5 g",
      "azucares_g": "0.0 g",
      "proteinas_g": "2.7 g",
      "sal_g": "0.12 g"
    },
    "caracteristicas": {
      "nombre_operador": "Calidad Pascual, SAU.",
      "direccion_operador": "Ctra. De Palencia, s/n - 09400 Aranda de Duero (Burgos)",
      "pais_origen": "España",
      "lugar_procedencia": "España",
      "denominacion_legal": "Bebida de soja ligera sin azúcar con aminoácidos, calcio y vitaminas D y B12",
      "peso_neto": "6000ml",
      "numero_raciones": "Cada envase contiene 4 raciones de 250 ml",
      "cantidad_neta_disgregada": "6X1000ml"
    },
    "id": 365
  },
  {
    "url": "https://www.compraonline.alcampo.es/products/producto-alcampo-cereales-rellenos-de-crema-de-cacao-con-avellanas-sin-gluten-400-g/404127",
    "nombre": "PRODUCTO ALCAMPO Cereales rellenos de crema de cacao con avellanas, sin gluten 400 g.",
    "precio": "2,18 €",
    "unidad": "400g",
    "precio_por_unidad": "5,45 € por kilogramo",
    "nutricion": {
      "valor_energetico_kj": "1893.0 Kj",
      "valor_energetico_kcal": "451.0 Kcal",
      "grasas_g": "18.0 g",
      "grasas_saturadas_g": "3.3 g",
      "hidratos_g": "66.0 g",
      "azucares_g": "25.0 g",
      "proteinas_g": "5.3 g",
      "sal_g": "0.77 g"
    },
    "caracteristicas": {
      "nombre_operador": "Alcampo, S.A.",
      "direccion_operador": "c/ Santiago de Compostela, Sur s/n, 28029 Madrid",
      "denominacion_legal": "Cereales de desayuno de maíz y arroz extrusionados con relleno de crema de cacao y avellanas",
      "peso_neto": "400g",
      "numero_raciones": "13",
      "signo_estimacion": "Si"
    },
    "id": 366
  },
  {
    "url": "https://www.compraonline.alcampo.es/products/seven-up-refresco-con-aromas-naturales-y-sabor-a-lima-lim%C3%B3n-lata-de-33-cl/37908",
    "nombre": "SEVEN UP Refresco con aromas naturales y sabor a lima limón lata de 33 cl.",
    "precio": "0,54 €",
    "unidad": "330ml",
    "precio_por_unidad": "1,64 € por litro",
    "nutricion": {
      "valor_energetico_kj": "82.0 Kj",
      "valor_energetico_kcal": "19.0 Kcal",
      "grasas_g": "0.0 g",
      "grasas_saturadas_g": "0.0 g",
      "hidratos_g": "4.7 g",
      "azucares_g": "4.7 g",
      "proteinas_g": "0.0 g",
      "sal_g": "0.04 g"
    },
    "caracteristicas": {
      "nombre_operador": "COMPAÑIA DE BEBIDAS PEPSICO SL",
      "direccion_operador": "CALLE MARIE CURIE, 7 PLANTA 1, EDIFICIO 8 VITORIA-GASTEIZ, ALAVA",
      "denominacion_legal": "Bebida refrescante aromatizada con aromas naturales. Con azúcar y edulcorantes.",
      "formato": "Lata",
      "peso_neto": "330g",
      "sabor": "Lima Limón",
      "agrupacion": "Unidad",
      "capacidad": "33 cl."
    },
    "id": 367
  },
  {
    "url": "https://www.compraonline.alcampo.es/products/dodoni-queso-feta-sin-lactosa-150-g/710632",
    "nombre": "DODONI Queso feta sin lactosa 150 g.",
    "precio": "4,14 €",
    "unidad": "150g",
    "precio_por_unidad": "27,60 € por kilogramo",
    "nutricion": {
      "valor_energetico_kj": "1075.0 Kj",
      "valor_energetico_kcal": "257.0 Kcal",
      "grasas_g": "21.0 g",
      "grasas_saturadas_g": "15.7 g",
      "hidratos_g": "0.0 g",
      "azucares_g": "0.0 g",
      "proteinas_g": "17.0 g",
      "sal_g": "2.5 g"
    },
    "caracteristicas": {
      "nombre_operador": "Dodoni",
      "direccion_operador": "1 TAGMATARHI KOSTAKI STR. ( 45110 ) ELEOUSA IOANNINA",
      "denominacion_legal": "Queso feta DOP de leche pasteurizada de oveja y cabra M.G./E.S. 43%",
      "peso_neto": "150g"
    },
    "id": 368
  },
  {
    "url": "https://www.compraonline.alcampo.es/products/tilda-arroz-basmati-original-paquete-de-1-kilogramo/24535",
    "nombre": "TILDA Arroz basmati original paquete de 1 kilogramo",
    "precio": "2,99 €",
    "unidad": "1000g",
    "precio_por_unidad": "2,99 € por kilogramo",
    "nutricion": {
      "valor_energetico_kj": "1497.0 Kj",
      "valor_energetico_kcal": "353.0 Kcal",
      "grasas_g": "1.1 g",
      "grasas_saturadas_g": "0.4 g",
      "hidratos_g": "76.0 g",
      "azucares_g": "0.0 g",
      "proteinas_g": "8.6 g",
      "sal_g": "0.0 g"
    },
    "caracteristicas": {
      "nombre_operador": "Herba Ricemills. S.L.U.",
      "direccion_operador": "C/ Real. 43 - 41920 San Juan de Aznalfarache (Sevilla)",
      "denominacion_legal": "Arroz largo Basmati",
      "peso_neto": "1kg",
      "signo_estimacion": "Si"
    },
    "id": 369
  },
  {
    "url": "https://www.compraonline.alcampo.es/products/activia-bifidus-con-trocitos-de-jugosa-pera-de-danone-4-x-120-g/50316",
    "nombre": "ACTIVIA Bifidus con trocitos de jugosa pera de Danone 4 x 120 g.",
    "precio": "2,89 €",
    "unidad": "480g",
    "precio_por_unidad": "6,02 € por kilogramo",
    "nutricion": {
      "valor_energetico_kj": "372.0 Kj",
      "valor_energetico_kcal": "89.0 Kcal",
      "grasas_g": "2.8 g",
      "grasas_saturadas_g": "1.7 g",
      "hidratos_g": "12.3 g",
      "azucares_g": "11.8 g",
      "proteinas_g": "3.6 g",
      "sal_g": "0.1 g"
    },
    "caracteristicas": {
      "nombre_operador": "Danone S.A.",
      "direccion_operador": "Buenos aires, 21 08029 Barcelona  Barcelona",
      "denominacion_legal": "Leche fermentada con bifidus. Con pera",
      "peso_neto": "480g",
      "sabor": "Pera",
      "cantidad_neta_disgregada": "4x120 g"
    },
    "id": 370
  },
  {
    "url": "https://www.compraonline.alcampo.es/products/bonka-caf%C3%A9-molido-mezcla-70-natural-30-torrefacto-250-g/16914",
    "nombre": "BONKA Café Molido Mezcla 70% natural 30% torrefacto 250 g.",
    "precio": "4,70 €",
    "unidad": "250g",
    "precio_por_unidad": "18,80 € por kilogramo",
    "nutricion": {
      "valor_energetico_kj": "962.0 Kj",
      "valor_energetico_kcal": "235.0 Kcal",
      "grasas_g": "11.5 g",
      "grasas_saturadas_g": "4.9 g",
      "hidratos_g": "0.2 g",
      "azucares_g": "0.2 g",
      "proteinas_g": "11.5 g",
      "sal_g": "0.01 g"
    },
    "caracteristicas": {
      "nombre_operador": "Nestlé España, S.A.",
      "direccion_operador": "NESTLÉ ESPAÑA, S.A. Edificio Nestlé - 08950 Esplugues de Llobregat (Barcelona).",
      "pais_origen": "España",
      "denominacion_legal": "Café molido de tueste natural (70%) y torrefacto (30%)",
      "peso_neto": "250g",
      "cantidad_neta_disgregada": "250g",
      "signo_estimacion": "Si"
    },
    "id": 371
  },
  {
    "url": "https://www.compraonline.alcampo.es/products/bandeja-de-hamburguesas-de-pollo-con-zanahoria-aldel%C3%ADs-316-g/643102",
    "nombre": "Bandeja de hamburguesas de pollo con zanahoria ALDELÍS 316 g.",
    "precio": "3,99 €",
    "unidad": "316g",
    "precio_por_unidad": "12,63 € por kilogramo",
    "nutricion": {
      "valor_energetico_kj": "732.0 Kj",
      "valor_energetico_kcal": "175.0 Kcal",
      "grasas_g": "10.9 g",
      "grasas_saturadas_g": "3.5 g",
      "hidratos_g": "5.3 g",
      "azucares_g": "1.4 g",
      "proteinas_g": "13.0 g",
      "sal_g": "1.71 g"
    },
    "caracteristicas": {
      "nombre_operador": "AVES NOBLES Y DERIVADOS S.L.",
      "direccion_operador": "C/Manfredonia,4. Pol.Ind.Plaza, 50197 Zaragoza",
      "pais_origen": "España",
      "lugar_procedencia": "Zaragoza, España.",
      "denominacion_legal": "Preparado de carne. Hamburguesa de pollo con zanahoria.",
      "peso_neto": "316g",
      "signo_estimacion": "Si"
    },
    "id": 372
  },
  {
    "url": "https://www.compraonline.alcampo.es/products/pepsi-zero-refresco-de-cola-a-la-lima-zero-az%C3%BAcar-lata-33-cl/793175",
    "nombre": "PEPSI ZERO Refresco de cola a la lima Zero azúcar lata 33 cl.",
    "precio": "0,71 €",
    "unidad": "330ml",
    "precio_por_unidad": "2,15 € por litro",
    "nutricion": {
      "valor_energetico_kj": "3.0 Kj",
      "valor_energetico_kcal": "0.0 Kcal",
      "grasas_g": "0.0 g",
      "grasas_saturadas_g": "0.0 g",
      "hidratos_g": "0.0 g",
      "azucares_g": "0.0 g",
      "proteinas_g": "0.0 g",
      "sal_g": "0.0 g"
    },
    "caracteristicas": {
      "nombre_operador": "COMPAÑIA DE BEBIDAS PEPSICO SL",
      "direccion_operador": "CALLE MARIE CURIE, 7 PLANTA 1, EDIFICIO 8 VITORIA-GASTEIZ, ALAVA",
      "denominacion_legal": "Bebida refrescante aromatizada  con edulcorantes",
      "formato": "Lata",
      "peso_neto": "330g",
      "agrupacion": "Unidad",
      "capacidad": "33 cl."
    },
    "id": 373
  },
  {
    "url": "https://www.compraonline.alcampo.es/products/maggi-fusian-yakisoba-fideos-orientales-con-sabor-a-pollo-120-g/24449",
    "nombre": "MAGGI Fusian Yakisoba (Fideos Orientales) con sabor a pollo 120 g.",
    "precio": "1,49 €",
    "unidad": "120g",
    "precio_por_unidad": "12,42 € por kilogramo",
    "nutricion": {
      "valor_energetico_kj": "589.0 Kj",
      "valor_energetico_kcal": "433.0 Kcal",
      "grasas_g": "5.6 g",
      "grasas_saturadas_g": "1.3 g",
      "hidratos_g": "58.2 g",
      "azucares_g": "7.2 g",
      "proteinas_g": "8.8 g",
      "sal_g": "3.7 g"
    },
    "caracteristicas": {
      "nombre_operador": "NESTLÉ ESPAÑA, S.A.",
      "direccion_operador": "C/ Clara Campoamor, nº2 08950 Esplugues de Llobregat (Barcelona)",
      "pais_origen": "Ucrania",
      "denominacion_legal": "Noodles de trigo con salsa, hortalizas deshidratadas y condimento sabor a pollo",
      "peso_neto": "120g",
      "numero_raciones": "2 raciones",
      "signo_estimacion": "Si"
    },
    "id": 374
  },
  {
    "url": "https://www.compraonline.alcampo.es/products/barilla-pasta-coquillettes-500-g/515038",
    "nombre": "BARILLA Pasta coquillettes 500 g.",
    "precio": "1,56 €",
    "unidad": "500g",
    "precio_por_unidad": "3,12 € por kilogramo",
    "nutricion": {
      "valor_energetico_kj": "1521.0 Kj",
      "valor_energetico_kcal": "359.0 Kcal",
      "grasas_g": "2.0 g",
      "grasas_saturadas_g": "0.5 g",
      "hidratos_g": "71.0 g",
      "azucares_g": "3.5 g",
      "proteinas_g": "13.0 g",
      "sal_g": "0.0 g"
    },
    "caracteristicas": {
      "nombre_operador": "Barilla G. e R. Fratelli",
      "direccion_operador": "Via Mantova 166, Parma - Italy.",
      "pais_origen": "Italia",
      "denominacion_legal": "Pasta alimenticia de trigo duro",
      "peso_neto": "500g"
    },
    "id": 375
  },
  {
    "url": "https://www.compraonline.alcampo.es/products/puleva-batido-con-sabor-a-fresa-elaborado-con-un-90-de-leche-puleva-6-x-200-ml/53396",
    "nombre": "PULEVA Batido con sabor a fresa, elaborado con un 90% de leche PULEVA 6 x 200 ml.",
    "precio": "2,39 €",
    "unidad": "1200ml",
    "precio_por_unidad": "1,99 € por litro",
    "nutricion": {
      "valor_energetico_kj": "244.0 Kj",
      "valor_energetico_kcal": "58.0 Kcal",
      "grasas_g": "1.0 g",
      "grasas_saturadas_g": "0.7 g",
      "hidratos_g": "9.2 g",
      "azucares_g": "9.2 g",
      "proteinas_g": "3.0 g",
      "sal_g": "0.15 g"
    },
    "caracteristicas": {
      "nombre_operador": "Lactalis Puleva, S.L.",
      "direccion_operador": "Camino de Purchil, 66 - 18004 Granada",
      "denominacion_legal": "Batido de fresa. UHT.",
      "peso_neto": "1200ml",
      "sabor": "Fresa",
      "numero_raciones": "6"
    },
    "id": 376
  },
  {
    "url": "https://www.compraonline.alcampo.es/products/don-simon-n%C3%A9ctar-sin-az%C3%BAcar-a%C3%B1adido-de-manzana-botella-de-1-5-l/888773",
    "nombre": "DON SIMON Néctar sin azúcar añadido de manzana botella de 1,5 l.",
    "precio": "1,50 €",
    "unidad": "1500ml",
    "precio_por_unidad": "1,00 € por litro",
    "nutricion": {
      "valor_energetico_kj": "99.0 Kj",
      "valor_energetico_kcal": "23.0 Kcal",
      "grasas_g": "0.0 g",
      "grasas_saturadas_g": "0.0 g",
      "hidratos_g": "5.7 g",
      "azucares_g": "4.2 g",
      "proteinas_g": "0.1 g",
      "sal_g": "0.01 g"
    },
    "caracteristicas": {
      "nombre_operador": "JGC S.A",
      "direccion_operador": "C/Jorge Juan, 73 28009 Madrid España",
      "pais_origen": "España",
      "denominacion_legal": "Bebida de zumo de frutas. Con edulcorante. Contenido de fruta: min 50%.",
      "formato": "Botella",
      "peso_neto": "1500ml",
      "sabor": "Manzana",
      "agrupacion": "Unidad",
      "capacidad": "1.5 litros",
      "signo_estimacion": "Si"
    },
    "id": 377
  },
  {
    "url": "https://www.compraonline.alcampo.es/products/hellmann-s-salsa-picante-ideal-para-tacos-y-burritos-hellmann-s-hot-mexican-250-ml/682119",
    "nombre": "HELLMANN'S Salsa picante ideal para tacos y burritos HELLMANN´S HOT MEXICAN 250 ml.",
    "precio": "1,70 €",
    "unidad": "250ml",
    "precio_por_unidad": "6,80 € por litro",
    "nutricion": {
      "valor_energetico_kj": "266.0 Kj",
      "valor_energetico_kcal": "63.0 Kcal",
      "grasas_g": "0.5 g",
      "grasas_saturadas_g": "0.1 g",
      "hidratos_g": "14.0 g",
      "azucares_g": "9.6 g",
      "proteinas_g": "1.0 g",
      "sal_g": "1.4 g"
    },
    "caracteristicas": {
      "nombre_operador": "Unilever España, S.A.",
      "direccion_operador": "C/ Tecnología 19, 08840 Viladecans (Barcelona)",
      "pais_origen": "España",
      "denominacion_legal": "Salsa",
      "peso_neto": "250ml",
      "numero_raciones": "17"
    },
    "id": 378
  },
  {
    "url": "https://www.compraonline.alcampo.es/products/coca-cola-zero-az%C3%BAcar-zero-cafe%C3%ADna-refresco-de-cola-pack-12-unds-de-330ml-lata/888734",
    "nombre": "COCA COLA Zero azúcar Zero cafeína refresco de cola pack 12 unds de 330ml Lata",
    "precio": "9,84 €",
    "unidad": "3960ml",
    "precio_por_unidad": "2,48 € por litro",
    "nutricion": {
      "valor_energetico_kj": "0.9 Kj",
      "valor_energetico_kcal": "0.2 Kcal",
      "grasas_g": "0.0 g",
      "grasas_saturadas_g": "0.0 g",
      "hidratos_g": "0.0 g",
      "azucares_g": "0.0 g",
      "proteinas_g": "0.0 g",
      "sal_g": "0.02 g"
    },
    "caracteristicas": {
      "nombre_operador": "Coca-Cola Europacific Partners Iberia, S.L.U.",
      "direccion_operador": "C/Ribera del Loira 20-22, 28042 - Madrid (España).",
      "denominacion_legal": "Bebida refrescante aromatizada. con edulcorantes.",
      "formato": "Lata",
      "peso_neto": "3,96l",
      "sabor": "Cola",
      "agrupacion": "Pack de 9",
      "capacidad": "33 cl.",
      "cantidad_neta_disgregada": "12x330ml"
    },
    "id": 379
  },
  {
    "url": "https://www.compraonline.alcampo.es/products/dhul-gourmet-tarta-de-queso-cremosa-2-x-100-g/188917",
    "nombre": "DHUL Gourmet Tarta de queso cremosa 2 x 100 g.",
    "precio": "2,08 €",
    "unidad": "200g",
    "precio_por_unidad": "10,40 € por kilogramo",
    "nutricion": {
      "valor_energetico_kj": "966.0 Kj",
      "valor_energetico_kcal": "232.0 Kcal",
      "grasas_g": "16.0 g",
      "grasas_saturadas_g": "10.5 g",
      "hidratos_g": "18.0 g",
      "azucares_g": "17.0 g",
      "proteinas_g": "4.5 g",
      "sal_g": "0.4 g"
    },
    "caracteristicas": {
      "nombre_operador": "Andros Granada, SLU",
      "direccion_operador": "Avenida de Andalucía s/n - 18015 Granada España",
      "pais_origen": "España",
      "lugar_procedencia": "España",
      "denominacion_legal": "Postre lácteo con queso y huevo",
      "peso_neto": "200g",
      "numero_raciones": "2",
      "cantidad_neta_disgregada": "200 g (2x 100g)",
      "signo_estimacion": "Si"
    },
    "id": 380
  },
  {
    "url": "https://www.compraonline.alcampo.es/products/boadas-1880-al-corte-paleta-de-cebo-ib%C3%A9rica-50-raza-ib%C3%A9rica-cortada-en-finas-lascas-90-g/424107",
    "nombre": "BOADAS 1880 al corte Paleta de cebo ibérica (50% raza ibérica), cortada en finas lascas 90 g.",
    "precio": "6,25 €",
    "unidad": "90g",
    "precio_por_unidad": "69,44 € por kilogramo",
    "nutricion": {
      "valor_energetico_kj": "1153.0 Kj",
      "valor_energetico_kcal": "276.0 Kcal",
      "grasas_g": "16.0 g",
      "grasas_saturadas_g": "5.3 g",
      "hidratos_g": "1.0 g",
      "azucares_g": "0.5 g",
      "proteinas_g": "32.0 g",
      "sal_g": "3.6 g"
    },
    "caracteristicas": {
      "nombre_operador": "Boadas 1880, S.A.",
      "direccion_operador": "Passeig Sant Joan Bosco, 51,17007 Girona",
      "pais_origen": "España",
      "denominacion_legal": "Paleta de cebo ibérica 50% raza ibérica.",
      "peso_neto": "90g",
      "cantidad_neta_disgregada": "90 g"
    },
    "id": 381
  },
  {
    "url": "https://www.compraonline.alcampo.es/products/enjoy-refresco-de-lim%C3%B3n-botella-de-1-5-litros/40737",
    "nombre": "ENJOY Refresco de limón botella de 1,5 litros",
    "precio": "1,10 €",
    "unidad": "1500ml",
    "precio_por_unidad": "0,73 € por litro",
    "nutricion": {
      "valor_energetico_kj": "76.0 Kj",
      "valor_energetico_kcal": "18.0 Kcal",
      "grasas_g": "0.0 g",
      "grasas_saturadas_g": "0.0 g",
      "hidratos_g": "4.4 g",
      "azucares_g": "4.4 g",
      "proteinas_g": "0.0 g",
      "sal_g": "0.0 g"
    },
    "caracteristicas": {
      "nombre_operador": "AGUA MINERAL SAN BENEDETTO, S.A.U.",
      "direccion_operador": "Camino del Pinarejo, s/n - 46390 San Antonio de Requena (Valencia)",
      "denominacion_legal": "Bebida refrescante de fruta (12% zumo de limón). Con azúcar y edulcorante",
      "formato": "Botella",
      "peso_neto": "1,5l",
      "sabor": "Limón",
      "agrupacion": "Unidad",
      "capacidad": "1.5 litros"
    },
    "id": 382
  },
  {
    "url": "https://www.compraonline.alcampo.es/products/producto-alcampo-pan-de-molde-multicereales-elaborado-sin-gluten-300-g/982215",
    "nombre": "PRODUCTO ALCAMPO Pan de molde multicereales, elaborado sin gluten 300 g.",
    "precio": "2,25 €",
    "unidad": "300g",
    "precio_por_unidad": "7,50 € por kilogramo",
    "nutricion": {
      "valor_energetico_kj": "1124.0 Kj",
      "valor_energetico_kcal": "269.0 Kcal",
      "grasas_g": "9.3 g",
      "grasas_saturadas_g": "0.9 g",
      "hidratos_g": "33.0 g",
      "azucares_g": "3.5 g",
      "proteinas_g": "6.0 g",
      "sal_g": "0.92 g"
    },
    "caracteristicas": {
      "nombre_operador": "Airos Delicatessen S.L",
      "direccion_operador": "Camí de Can Bros, 8-10. 08760 Martorell (Barcelona) Spain.",
      "pais_origen": "España",
      "denominacion_legal": "Producto horneado elaborado a partir de mezcla de almidones y harinas sin gluten",
      "peso_neto": "300g"
    },
    "id": 383
  },
  {
    "url": "https://www.compraonline.alcampo.es/products/quaker-cruesli-cereales-muesli-con-frutos-secos-375-g/25887",
    "nombre": "QUAKER Cruesli Cereales muesli con frutos secos 375 g.",
    "precio": "5,12 €",
    "unidad": "375g",
    "precio_por_unidad": "13,65 € por kilogramo",
    "nutricion": {
      "valor_energetico_kj": "1913.0 Kj",
      "valor_energetico_kcal": "462.0 Kcal",
      "grasas_g": "19.4 g",
      "grasas_saturadas_g": "2.0 g",
      "hidratos_g": "56.8 g",
      "azucares_g": "12.2 g",
      "proteinas_g": "8.5 g",
      "sal_g": "0.01 g"
    },
    "caracteristicas": {
      "nombre_operador": "PEPSICO FOODS AIE",
      "direccion_operador": "CALLE MARIE CURIE, 7 PLANTA 1, EDIFICIO 8 VITORIA-GASTEIZ, ALAVA",
      "denominacion_legal": "Copos de cereales tostados crujientes con mezcla de frutos secos",
      "peso_neto": "375g"
    },
    "id": 384
  },
  {
    "url": "https://www.compraonline.alcampo.es/products/producto-alcampo-galletas-de-mantequilla-con-tableta-de-chocolate-blanco-150-g/15251",
    "nombre": "PRODUCTO ALCAMPO Galletas de mantequilla con tableta de chocolate blanco 150 g.",
    "precio": "1,39 €",
    "unidad": "150g",
    "precio_por_unidad": "9,27 € por kilogramo",
    "nutricion": {
      "valor_energetico_kj": "521.0 Kj",
      "valor_energetico_kcal": "125.0 Kcal",
      "grasas_g": "5.8 g",
      "grasas_saturadas_g": "3.8 g",
      "hidratos_g": "17.0 g",
      "azucares_g": "9.3 g",
      "proteinas_g": "1.5 g",
      "sal_g": "0.16 g"
    },
    "caracteristicas": {
      "nombre_operador": "AUCHAN SAS OIA",
      "direccion_operador": "200 rue de la recherche",
      "pais_origen": "Francia",
      "lugar_procedencia": ".",
      "denominacion_legal": "12 PETITS BEURRE AVEC TABLETTE DE CHOCOLAT BLANC",
      "peso_neto": "0,15kg"
    },
    "id": 385
  },
  {
    "url": "https://www.compraonline.alcampo.es/products/calvo-mejill%C3%B3n-al-natural-115-gr/432878",
    "nombre": "CALVO Mejillón al natural 115 gr.",
    "precio": "2,27 €",
    "unidad": "115g",
    "precio_por_unidad": "19,74 € por kilogramo",
    "nutricion": {
      "valor_energetico_kj": "460.0 Kj",
      "valor_energetico_kcal": "110.0 Kcal",
      "grasas_g": "4.0 g",
      "grasas_saturadas_g": "1.0 g",
      "hidratos_g": "0.0 g",
      "azucares_g": "0.0 g",
      "proteinas_g": "19.0 g",
      "sal_g": "2.0 g"
    },
    "caracteristicas": {
      "nombre_operador": "Calvo Distribución Alimentaria SLU",
      "direccion_operador": "Ctra. Coruña-Finisterre. 15106 Carballo. La Coruña",
      "pais_origen": "España",
      "lugar_procedencia": "NO Aplica",
      "denominacion_legal": "Mejillones en escabeche de las Rías Gallegas. Tamaño pequeño",
      "peso_neto": "115g",
      "signo_estimacion": "Si"
    },
    "id": 386
  },
  {
    "url": "https://www.compraonline.alcampo.es/products/esencia-27-vino-blanco-semidulce-de-aguja-natural-con-i-g-p-vino-de-la-tierra-de-castilla-y-le%C3%B3n-botella-75-cl/310917",
    "nombre": "ESENCIA 27 Vino blanco semidulce de aguja natural con I.G.P Vino de la Tierra de Castilla y León botella 75 cl.",
    "precio": "6,95 €",
    "nutricion": {
      "valor_energetico_kj": "211.0 Kj",
      "valor_energetico_kcal": "50.0 Kcal",
      "grasas_g": "0.1 g",
      "grasas_saturadas_g": "0.0 g",
      "hidratos_g": "14.0 g",
      "azucares_g": "6.0 g",
      "proteinas_g": "0.1 g",
      "sal_g": "0.0 g"
    },
    "caracteristicas": {
      "nombre_operador": "Meoriga bodegas & Viñedos, SL",
      "direccion_operador": "Ctra. De Castrobol, s/n  47680-Mayorga (Valladolid)",
      "denominacion_legal": "Vino semidulce blanco"
    },
    "id": 387
  },
  {
    "url": "https://www.compraonline.alcampo.es/products/producto-alcampo-bio-miel-de-flores-ecol%C3%B3gica-bote-500-g/671495",
    "nombre": "PRODUCTO ALCAMPO Bio Miel de flores ecológica bote 500 g.",
    "precio": "5,48 €",
    "unidad": "500g",
    "precio_por_unidad": "10,96 € por kilogramo",
    "nutricion": {
      "valor_energetico_kj": "1404.0 Kj",
      "valor_energetico_kcal": "330.0 Kcal",
      "grasas_g": "0.0 g",
      "grasas_saturadas_g": "0.0 g",
      "hidratos_g": "82.0 g",
      "azucares_g": "72.0 g",
      "proteinas_g": "0.6 g",
      "sal_g": "0.02 g"
    },
    "caracteristicas": {
      "nombre_operador": "Mielso S.A",
      "direccion_operador": "C/Industria nº 1, Pol. Ind. El Mijares 12550  Almazora Castellón España",
      "pais_origen": "Hungria",
      "lugar_procedencia": "Hungría, Bulgaria, España",
      "denominacion_legal": "Miel de flores ecológica UE. Mezcla de mieles originales de Hungria, Bulgaria y España",
      "peso_neto": "500g",
      "signo_estimacion": "Si"
    },
    "id": 388
  },
  {
    "url": "https://www.compraonline.alcampo.es/products/gerber-organic-tarrito-de-de-brocol%C3%AD-y-guisantes-con-pavo-a-partir-de-6-meses-190-g/520657",
    "nombre": "GERBER Organic Tarrito de de brocolí y guisantes con pavo, a partir de 6 meses 190 g.",
    "precio": "2,33 €",
    "unidad": "190g",
    "precio_por_unidad": "12,26 € por kilogramo",
    "nutricion": {
      "valor_energetico_kj": "251.0 Kj",
      "valor_energetico_kcal": "60.0 Kcal",
      "grasas_g": "2.0 g",
      "grasas_saturadas_g": "0.4 g",
      "hidratos_g": "5.3 g",
      "azucares_g": "1.1 g",
      "proteinas_g": "4.0 g",
      "sal_g": "0.03 g"
    },
    "caracteristicas": {
      "nombre_operador": "Nestlé España, S.A.",
      "direccion_operador": "C/ Clara Campoamor, 2 08950 Esplugues de Llobregat (Barcelona)",
      "pais_origen": "Polonia",
      "denominacion_legal": "Alimento infantil. Puré de brócoli y guisantes con pavo.",
      "peso_neto": "190g",
      "signo_estimacion": "Si"
    },
    "id": 389
  },
  {
    "url": "https://www.compraonline.alcampo.es/products/rana-cl%C3%A1sicas-raviolis-de-pasta-fresca-rellenos-de-carne-de-costillas-con-salsa-barbacoa-250-g/632379",
    "nombre": "RANA Clásicas Raviolis de pasta fresca rellenos de carne de costillas con salsa barbacoa 250 g.",
    "precio": "3,33 €",
    "unidad": "250g",
    "precio_por_unidad": "13,32 € por kilogramo",
    "nutricion": {
      "valor_energetico_kj": "925.0 Kj",
      "valor_energetico_kcal": "223.0 Kcal",
      "grasas_g": "17.0 g",
      "grasas_saturadas_g": "5.4 g",
      "hidratos_g": "3.1 g",
      "azucares_g": "3.1 g",
      "proteinas_g": "14.0 g",
      "sal_g": "0.6 g"
    },
    "caracteristicas": {
      "nombre_operador": "Rana Hispania sau",
      "direccion_operador": "Avda Hermanos Bou 31, 12003 Castellon de la plana",
      "pais_origen": "Italia",
      "denominacion_legal": "pasta fresca Ravioli costilla BBQ",
      "peso_neto": "250g",
      "numero_raciones": "2",
      "signo_estimacion": "Si"
    },
    "id": 390
  },
  {
    "url": "https://www.compraonline.alcampo.es/products/el-pozo-fuet-nobleza-el-pozo-200-g/54322",
    "nombre": "EL POZO Fuet nobleza EL POZO 200 g.",
    "precio": "2,30 €",
    "unidad": "200g",
    "precio_por_unidad": "11,52 € por kilogramo",
    "nutricion": {
      "valor_energetico_kj": "1998.0 Kj",
      "valor_energetico_kcal": "483.0 Kcal",
      "grasas_g": "42.5 g",
      "grasas_saturadas_g": "14.9 g",
      "hidratos_g": "6.5 g",
      "azucares_g": "4.5 g",
      "proteinas_g": "18.5 g",
      "sal_g": "4.5 g"
    },
    "caracteristicas": {
      "nombre_operador": "ELPOZO ALIMENTACIÓN S.A.",
      "direccion_operador": "Avda. Antonio Fuertes, 1 30840 Alhama De Murcia (Murcia)",
      "lugar_procedencia": "Región de Murcia - ESPAÑA",
      "denominacion_legal": "FUET.",
      "peso_neto": "200g"
    },
    "id": 391
  },
  {
    "url": "https://www.compraonline.alcampo.es/products/producto-alcampo-infusi%C3%B3n-de-hinojo-20-uds/310754",
    "nombre": "PRODUCTO ALCAMPO Infusión de hinojo 20 uds.",
    "precio": "1,04 €",
    "nutricion": {
      "valor_energetico_kj": "3.0 Kj",
      "valor_energetico_kcal": "1.0 Kcal",
      "grasas_g": "0.1 g",
      "grasas_saturadas_g": "0.1 g",
      "hidratos_g": "0.2 g",
      "azucares_g": "0.1 g",
      "proteinas_g": "0.0 g",
      "sal_g": "0.0 g"
    },
    "caracteristicas": {
      "nombre_operador": "Pompadour Ibérica S.A.",
      "direccion_operador": "Ctra. A Madrid KM405, Pol. Ind. Las Atalayas Parcela8A 03114 Alicante",
      "denominacion_legal": "Hinojo desecado y envasado en bolsitas para infusión",
      "peso_neto": "40g",
      "signo_estimacion": "Si"
    },
    "id": 392
  },
  {
    "url": "https://www.compraonline.alcampo.es/products/alcampo-ecol%C3%B3gico-alubias-cocidas-ecol%C3%B3gicas-450-g/869005",
    "nombre": "ALCAMPO ECOLÓGICO Alubias cocidas ecológicas 450 g.",
    "precio": "3,65 €",
    "unidad": "450g",
    "precio_por_unidad": "8,11 € por kilogramo",
    "nutricion": {
      "valor_energetico_kj": "435.0 Kj",
      "valor_energetico_kcal": "103.0 Kcal",
      "grasas_g": "0.0 g",
      "grasas_saturadas_g": "0.0 g",
      "hidratos_g": "16.0 g",
      "azucares_g": "0.0 g",
      "proteinas_g": "7.3 g",
      "sal_g": "0.7 g"
    },
    "caracteristicas": {
      "nombre_operador": "Envasado por Legumbres Baena, S.L para Auchan Retail España, S.L",
      "direccion_operador": "C/ Santiago de Compostela Sur, s/n 28029 Madrid",
      "denominacion_legal": "Alubia cocida. Procedente de la agricultura ecológica. Categoría extra.",
      "peso_neto": "660g",
      "numero_raciones": "Número de porciones por envase: 2."
    },
    "id": 393
  },
  {
    "url": "https://www.compraonline.alcampo.es/products/pompadour-poleo-menta-25-uds-1-5-g/16451",
    "nombre": "POMPADOUR Poleo menta 25 uds. 1,5 g.",
    "precio": "1,99 €",
    "unidad": "25g",
    "precio_por_unidad": "79,60 € por kilogramo",
    "nutricion": {
      "valor_energetico_kj": "3.0 Kj",
      "valor_energetico_kcal": "1.0 Kcal",
      "grasas_g": "0.0 g",
      "grasas_saturadas_g": "0.0 g",
      "hidratos_g": "0.0 g",
      "azucares_g": "0.0 g",
      "proteinas_g": "0.0 g",
      "sal_g": "0.0 g"
    },
    "caracteristicas": {
      "nombre_operador": "POMPADOUR IBÉRICA, S.A",
      "direccion_operador": "CTRA. A MADRID KM 405, POL. IND. LAS ATALAYAS PARCELA 8A 03114 ALICANTE",
      "pais_origen": "España",
      "denominacion_legal": "Menta",
      "peso_neto": "37,5g",
      "numero_raciones": "veinticinco",
      "cantidad_neta_disgregada": "25X1.5 Gramos",
      "signo_estimacion": "Si"
    },
    "id": 394
  },
  {
    "url": "https://www.compraonline.alcampo.es/products/pascual-leche-semidesnatada-procedente-de-animales-con-bienestar-garantizado-6-x-1l/54505",
    "nombre": "PASCUAL Leche semidesnatada procedente de animales con bienestar garantizado 6 x 1l.",
    "precio": "7,08 €",
    "unidad": "6000ml",
    "precio_por_unidad": "1,18 € por litro",
    "nutricion": {
      "valor_energetico_kj": "196.0 Kj",
      "valor_energetico_kcal": "46.0 Kcal",
      "grasas_g": "1.6 g",
      "grasas_saturadas_g": "1.1 g",
      "hidratos_g": "4.7 g",
      "azucares_g": "4.7 g",
      "proteinas_g": "3.3 g",
      "sal_g": "0.12 g"
    },
    "caracteristicas": {
      "nombre_operador": "Calidad Pascual, SAU.",
      "direccion_operador": "Ctra. De Palencia, s/n - 09400 Aranda de Duero (Burgos)",
      "pais_origen": "España",
      "denominacion_legal": "Leche semidesnatada UHT",
      "formato": "Brick",
      "peso_neto": "6000ml",
      "agrupacion": "Pack de  6",
      "numero_raciones": "Cada envase contiene 5 raciones de 200 ml",
      "cantidad_neta_disgregada": "6X1000ml"
    },
    "id": 395
  },
  {
    "url": "https://www.compraonline.alcampo.es/products/rana-paglia-e-fieno-de-pasta-fresca-laminada-al-bronce-rana-250-g/89389",
    "nombre": "RANA Paglia e fieno de pasta fresca, laminada al bronce RANA 250 g.",
    "precio": "2,33 €",
    "unidad": "250g",
    "precio_por_unidad": "9,32 € por kilogramo",
    "nutricion": {
      "valor_energetico_kj": "1178.0 Kj",
      "valor_energetico_kcal": "278.0 Kcal",
      "grasas_g": "2.8 g",
      "grasas_saturadas_g": "0.8 g",
      "hidratos_g": "52.0 g",
      "azucares_g": "1.3 g",
      "proteinas_g": "10.0 g",
      "sal_g": "0.07 g"
    },
    "caracteristicas": {
      "nombre_operador": "Rana Hispania sau",
      "direccion_operador": "Avda Hermanos Bou 31, 12003 Castellon de la plana",
      "pais_origen": "Italia",
      "denominacion_legal": "Pasta fresca al huevo paglia e fieno",
      "peso_neto": "250g",
      "numero_raciones": "2",
      "signo_estimacion": "Si"
    },
    "id": 396
  },
  {
    "url": "https://www.compraonline.alcampo.es/products/azpilicueta-vino-tinto-de-crianza-con-d-o-ca-rioja-botella-75-cl/40267",
    "nombre": "AZPILICUETA Vino tinto de crianza con D.O. Ca. Rioja botella 75 cl.",
    "precio": "7,90 €",
    "nutricion": {
      "valor_energetico_kj": "327.0 Kj",
      "valor_energetico_kcal": "79.0 Kcal",
      "grasas_g": "0.0 g",
      "grasas_saturadas_g": "0.0 g",
      "hidratos_g": "1.0 g",
      "azucares_g": "0.0 g",
      "proteinas_g": "0.0 g",
      "sal_g": "0.0 g"
    },
    "caracteristicas": {
      "nombre_operador": "Pernod Ricard España S.A.",
      "direccion_operador": "Avda. José Ortega y Gasset, 201 - 5ª Planta   29006 MALAGA",
      "denominacion_legal": "Vino",
      "signo_estimacion": "Si"
    },
    "id": 397
  },
  {
    "url": "https://www.compraonline.alcampo.es/products/marqu%C3%A9s-de-vizhoja-vino-blanco-vegano-sin-d-o-botella-75-cl/30372",
    "nombre": "MARQUÉS DE VIZHOJA Vino blanco vegano sin D.O. botella 75 cl.",
    "precio": "4,49 €",
    "nutricion": {
      "valor_energetico_kj": "264.0 Kj",
      "valor_energetico_kcal": "64.0 Kcal",
      "grasas_g": "0.0 g",
      "grasas_saturadas_g": "0.0 g",
      "hidratos_g": "0.0 g",
      "azucares_g": "0.0 g",
      "proteinas_g": "0.0 g",
      "sal_g": "0.0 g"
    },
    "caracteristicas": {
      "nombre_operador": "Bodegas Marqués de Vizhoja, S.A.",
      "direccion_operador": "Finca la Moreira -36438 Arbo (Pontevedra)",
      "denominacion_legal": "Vino"
    },
    "id": 398
  },
  {
    "url": "https://www.compraonline.alcampo.es/products/oinoz-vino-tinto-crianza-con-d-o-ca-rioja-botella-75-cl/760849",
    "nombre": "OINOZ Vino tinto crianza con D. O. Ca. Rioja botella 75 cl.",
    "precio": "7,98 €",
    "nutricion": {
      "valor_energetico_kj": "330.0 Kj",
      "valor_energetico_kcal": "79.0 Kcal",
      "grasas_g": "0.0 g",
      "grasas_saturadas_g": "0.0 g",
      "hidratos_g": "0.0 g",
      "azucares_g": "0.0 g",
      "proteinas_g": "0.0 g",
      "sal_g": "0.0 g"
    },
    "caracteristicas": {
      "nombre_operador": "Bodega Matarromera S.L",
      "direccion_operador": "Ctra San Bernardo S/N. Valbuena de Duero 47359 Valladolid",
      "denominacion_legal": "Vino"
    },
    "id": 399
  },
  {
    "url": "https://www.compraonline.alcampo.es/products/1906-cervezas-reserva-especial-pack-de-6-botellines-de-33-cl/30281",
    "nombre": "1906 Cervezas reserva especial pack de 6 botellines de 33 cl.",
    "precio": "6,49 €",
    "unidad": "1980ml",
    "precio_por_unidad": "3,28 € por litro",
    "nutricion": {
      "valor_energetico_kj": "224.0 Kj",
      "valor_energetico_kcal": "54.0 Kcal",
      "grasas_g": "0.0 g",
      "grasas_saturadas_g": "0.0 g",
      "hidratos_g": "3.9 g",
      "azucares_g": "0.0 g",
      "proteinas_g": "0.0 g",
      "sal_g": "0.0 g"
    },
    "caracteristicas": {
      "nombre_operador": "Hijos de Rivera S.A.U",
      "direccion_operador": "C/José María Rivera Corral, 6, 15008 A Coruña",
      "pais_origen": "España",
      "lugar_procedencia": "A Coruña",
      "denominacion_legal": "Cerveza Extra",
      "formato": "Botella",
      "peso_neto": "1,98l",
      "agrupacion": "Pack de  6",
      "signo_estimacion": "Si"
    },
    "id": 400
  },
  {
    "url": "https://www.compraonline.alcampo.es/products/ferrarini-salami-di-parma-cortado-en-lonchas-ferrarini-90-g/65893",
    "nombre": "FERRARINI Salami di Parma cortado en lonchas FERRARINI 90 g.",
    "precio": "2,98 €",
    "unidad": "90g",
    "precio_por_unidad": "33,11 € por kilogramo",
    "nutricion": {
      "valor_energetico_kj": "1051.0 Kj",
      "valor_energetico_kcal": "252.0 Kcal",
      "grasas_g": "16.0 g",
      "grasas_saturadas_g": "5.3 g",
      "hidratos_g": "0.0 g",
      "azucares_g": "0.0 g",
      "proteinas_g": "27.0 g",
      "sal_g": "4.6 g"
    },
    "caracteristicas": {
      "nombre_operador": "Ferrarini España S.L",
      "direccion_operador": "Ronda de Buenavista, 55/ Centro comercial Modulo 3 1ª Planta Of. 11/ 45005 Toledo",
      "pais_origen": "Italia",
      "denominacion_legal": "Salame",
      "peso_neto": "90g",
      "signo_estimacion": "Si"
    },
    "id": 401
  },
  {
    "url": "https://www.compraonline.alcampo.es/products/puente-de-piedra-vino-tinto-con-d-o-p-cari%C3%B1ena-botella-75-cl/438496",
    "nombre": "PUENTE DE PIEDRA Vino tinto con D.O.P Cariñena botella 75 cl.",
    "precio": "1,99 €",
    "nutricion": {
      "valor_energetico_kj": "363.0 Kj",
      "valor_energetico_kcal": "87.0 Kcal",
      "grasas_g": "0.0 g",
      "grasas_saturadas_g": "0.0 g",
      "hidratos_g": "2.7 g",
      "azucares_g": "0.17 g",
      "proteinas_g": "0.1 g",
      "sal_g": "0.0 g"
    },
    "caracteristicas": {
      "nombre_operador": "Grandes Vinos y Viñedos S.A.",
      "direccion_operador": "Ctra. Valencia Km 45,700 50400 Cariñena (Zaragoza)",
      "denominacion_legal": "Vino tinto"
    },
    "id": 402
  },
  {
    "url": "https://www.compraonline.alcampo.es/products/nescaf%C3%A9-caf%C3%A9-soluble-natural-10-sobres-x-2-g/26697",
    "nombre": "NESCAFÉ Café soluble natural 10 sobres x 2 g.",
    "precio": "1,40 €",
    "precio_por_unidad": "10 por envase",
    "nutricion": {
      "valor_energetico_kj": "484.0 Kj",
      "valor_energetico_kcal": "118.0 Kcal",
      "grasas_g": "0.2 g",
      "grasas_saturadas_g": "0.1 g",
      "hidratos_g": "3.1 g",
      "azucares_g": "3.1 g",
      "proteinas_g": "7.8 g",
      "sal_g": "0.25 g"
    },
    "caracteristicas": {
      "nombre_operador": "Nestlé España, S.A.",
      "direccion_operador": "NESTLÉ ESPAÑA, S.A. Av. Països Catalans, 25-51. 08950 Esplugues de Llobregat (Barcelona)",
      "pais_origen": "España",
      "denominacion_legal": "Café soluble",
      "peso_neto": "20g",
      "cantidad_neta_disgregada": "10x2g",
      "signo_estimacion": "Si"
    },
    "id": 403
  },
  {
    "url": "https://www.compraonline.alcampo.es/products/garofalo-pasta-fusilli-lunghi-garofalo-500-gr/613456",
    "nombre": "GAROFALO Pasta fusilli lunghi GAROFALO 500 gr",
    "precio": "2,80 €",
    "unidad": "500g",
    "precio_por_unidad": "5,60 € por kilogramo",
    "nutricion": {
      "valor_energetico_kj": "1516.0 Kj",
      "valor_energetico_kcal": "357.0 Kcal",
      "grasas_g": "1.0 g",
      "grasas_saturadas_g": "0.0 g",
      "hidratos_g": "73.0 g",
      "azucares_g": "2.0 g",
      "proteinas_g": "14.0 g",
      "sal_g": "0.0 g"
    },
    "caracteristicas": {
      "nombre_operador": "Herba Ricemills. S.L.U.",
      "direccion_operador": "C/ Real. 43 - 41920 San Juan de Aznalfarache (Sevilla)",
      "denominacion_legal": "Pasta de semola de trigo duro",
      "peso_neto": "500g",
      "signo_estimacion": "Si"
    },
    "id": 404
  },
  {
    "url": "https://www.compraonline.alcampo.es/products/producto-alcampo-harina-de-arroz-sin-gluten-500-g/918808",
    "nombre": "PRODUCTO ALCAMPO Harina de arroz sin gluten 500 g.",
    "precio": "2,55 €",
    "unidad": "500g",
    "precio_por_unidad": "5,10 € por kilogramo",
    "nutricion": {
      "valor_energetico_kj": "1473.0 Kj",
      "valor_energetico_kcal": "352.0 Kcal",
      "grasas_g": "0.6 g",
      "grasas_saturadas_g": "0.1 g",
      "hidratos_g": "79.0 g",
      "azucares_g": "0.5 g",
      "proteinas_g": "7.1 g",
      "sal_g": "0.01 g"
    },
    "caracteristicas": {
      "nombre_operador": "AUCHAN SAS OIA",
      "direccion_operador": "200 rue de la recherche",
      "pais_origen": "India",
      "lugar_procedencia": ".",
      "denominacion_legal": "Farine de riz",
      "peso_neto": "0,5kg"
    },
    "id": 405
  },
  {
    "url": "https://www.compraonline.alcampo.es/products/trina-refresco-de-manzana-lata-de-33-cl/34595",
    "nombre": "TRINA Refresco de manzana lata de 33 cl.",
    "precio": "0,61 €",
    "unidad": "330ml",
    "precio_por_unidad": "1,85 € por litro",
    "nutricion": {
      "valor_energetico_kj": "175.0 Kj",
      "valor_energetico_kcal": "41.0 Kcal",
      "grasas_g": "0.0 g",
      "grasas_saturadas_g": "0.0 g",
      "hidratos_g": "10.0 g",
      "azucares_g": "9.9 g",
      "proteinas_g": "0.0 g",
      "sal_g": "0.1 g"
    },
    "caracteristicas": {
      "nombre_operador": "Schweppes, S.A. \"Envasado con licencia de schweppes international limited.\"",
      "direccion_operador": "Pº Castellana 202, 28046 Madrid",
      "denominacion_legal": "Bebida refrescante de zumo de frutas.",
      "formato": "Lata",
      "peso_neto": "33cl",
      "sabor": "Manzana",
      "agrupacion": "Unidad",
      "capacidad": "33 cl."
    },
    "id": 406
  },
  {
    "url": "https://www.compraonline.alcampo.es/products/producto-alcampo-tahini-crema-de-sesamo-180-g/541288",
    "nombre": "PRODUCTO ALCAMPO Tahini crema de sesamo 180 g.",
    "precio": "2,65 €",
    "unidad": "180g",
    "precio_por_unidad": "14,72 € por kilogramo",
    "nutricion": {
      "valor_energetico_kj": "2747.0 Kj",
      "valor_energetico_kcal": "665.0 Kcal",
      "grasas_g": "59.9 g",
      "grasas_saturadas_g": "10.0 g",
      "hidratos_g": "0.8 g",
      "azucares_g": "0.8 g",
      "proteinas_g": "25.9 g",
      "sal_g": "0.27 g"
    },
    "caracteristicas": {
      "nombre_operador": "Alcampo, S.A.",
      "direccion_operador": "c/ Santiago de Compostela, Sur s/n, 28029 Madrid",
      "pais_origen": "India",
      "lugar_procedencia": "India",
      "denominacion_legal": "Crema de semillas de sésamo.",
      "peso_neto": "180g"
    },
    "id": 407
  },
  {
    "url": "https://www.compraonline.alcampo.es/products/old-el-paso-tortillas-wrap-sin-gluten-old-el-paso-4-uds-215-g/450246",
    "nombre": "OLD EL PASO Tortillas wrap sin gluten OLD EL PASO 4 uds. 215 g.",
    "precio": "2,80 €",
    "unidad": "215g",
    "precio_por_unidad": "13,02 € por kilogramo",
    "nutricion": {
      "valor_energetico_kj": "1125.0 Kj",
      "valor_energetico_kcal": "266.0 Kcal",
      "grasas_g": "1.5 g",
      "grasas_saturadas_g": "0.6 g",
      "hidratos_g": "59.2 g",
      "azucares_g": "2.3 g",
      "proteinas_g": "1.9 g",
      "sal_g": "1.17 g"
    },
    "caracteristicas": {
      "nombre_operador": "General Mills Ibérica S.A.U.",
      "direccion_operador": "Serrano Galvache 56, Edificio Álamo, 28033 Madrid, Spain - EU.",
      "denominacion_legal": "Tortillas de tapioca, maíz y quinoa. Sin gluten.",
      "peso_neto": "215g",
      "numero_raciones": "Contiene 4 porciones",
      "signo_estimacion": "Si"
    },
    "id": 408
  },
  {
    "url": "https://www.compraonline.alcampo.es/products/fage-yogur-natural-receta-griega-0-materia-grasa-total-170-g/238519",
    "nombre": "FAGE Yogur natural receta griega 0% materia grasa Total 170 g.",
    "precio": "1,70 €",
    "unidad": "170g",
    "precio_por_unidad": "10,00 € por kilogramo",
    "nutricion": {
      "valor_energetico_kj": "230.0 Kj",
      "valor_energetico_kcal": "54.0 Kcal",
      "grasas_g": "0.0 g",
      "grasas_saturadas_g": "0.0 g",
      "hidratos_g": "3.0 g",
      "azucares_g": "3.0 g",
      "proteinas_g": "10.3 g",
      "sal_g": "0.1 g"
    },
    "caracteristicas": {
      "nombre_operador": "FAGE INTERNATIONAL S.A.",
      "direccion_operador": "145, Rue du Kiem, L-8030 Strassen, Luxembourg",
      "pais_origen": "Grecia",
      "denominacion_legal": "Yogur colado 0% M.G.  - Receta Griega",
      "peso_neto": "170g",
      "sabor": "Natural",
      "signo_estimacion": "Si"
    },
    "id": 409
  },
  {
    "url": "https://www.compraonline.alcampo.es/products/bonka-c%C3%A1fe-molido-mezcla-del-tr%C3%B3pico-500-g/798144",
    "nombre": "BONKA Cáfe molido mezcla del Trópico 500 g.",
    "precio": "8,50 €",
    "unidad": "500g",
    "precio_por_unidad": "17,00 € por kilogramo",
    "nutricion": {
      "valor_energetico_kj": "962.0 Kj",
      "valor_energetico_kcal": "235.0 Kcal",
      "grasas_g": "11.5 g",
      "grasas_saturadas_g": "4.9 g",
      "hidratos_g": "0.2 g",
      "azucares_g": "0.2 g",
      "proteinas_g": "11.5 g",
      "sal_g": "0.01 g"
    },
    "caracteristicas": {
      "nombre_operador": "Nestlé España, S.A.",
      "direccion_operador": "NESTLÉ ESPAÑA, S.A. Edificio Nestlé - 08950 Esplugues de Llobregat (Barcelona).",
      "pais_origen": "España",
      "denominacion_legal": "Café molido de tueste natural (70%) y torrefacto (30%)",
      "peso_neto": "500g",
      "cantidad_neta_disgregada": "500g",
      "signo_estimacion": "Si"
    },
    "id": 410
  },
  {
    "url": "https://www.compraonline.alcampo.es/products/bonka-caf%C3%A9-molido-natural-del-tr%C3%B3pico-500-g/798146",
    "nombre": "BONKA Café molido natural del Trópico 500 g.",
    "precio": "8,50 €",
    "unidad": "500g",
    "precio_por_unidad": "17,00 € por kilogramo",
    "nutricion": {
      "valor_energetico_kj": "966.0 Kj",
      "valor_energetico_kcal": "235.0 Kcal",
      "grasas_g": "11.7 g",
      "grasas_saturadas_g": "5.3 g",
      "hidratos_g": "0.1 g",
      "azucares_g": "0.1 g",
      "proteinas_g": "13.8 g",
      "sal_g": "0.01 g"
    },
    "caracteristicas": {
      "nombre_operador": "Nestlé España, S.A.",
      "direccion_operador": "NESTLÉ ESPAÑA, S.A. Av. Països Catalans, 25-51. 08950 Esplugues de Llobregat, Barcelona.",
      "pais_origen": "España",
      "denominacion_legal": "Café molido de tueste natural",
      "peso_neto": "500g",
      "signo_estimacion": "Si"
    },
    "id": 411
  },
  {
    "url": "https://www.compraonline.alcampo.es/products/hengstenberg-pepinillos-grandes-al-estilo-polaco-frasco-de-360-g/28831",
    "nombre": "HENGSTENBERG Pepinillos grandes al estilo polaco frasco de 360 g.",
    "precio": "2,75 €",
    "unidad": "360g",
    "precio_por_unidad": "7,64 € por kilogramo",
    "nutricion": {
      "valor_energetico_kj": "119.0 Kj",
      "valor_energetico_kcal": "28.0 Kcal",
      "grasas_g": "0.2 g",
      "grasas_saturadas_g": "0.1 g",
      "hidratos_g": "4.9 g",
      "azucares_g": "4.8 g",
      "proteinas_g": "0.8 g",
      "sal_g": "1.8 g"
    },
    "caracteristicas": {
      "nombre_operador": "Hengstenberg Gmbh & Co. Kg",
      "direccion_operador": "Hengstenberg, D-73726 Esslingen",
      "denominacion_legal": "Pepinillos",
      "peso_neto": "670g"
    },
    "id": 412
  },
  {
    "url": "https://www.compraonline.alcampo.es/products/vici-gyozas-precocinadas-y-congeladas-rellenas-de-pollo-y-black-fungus-400-g/246096",
    "nombre": "VICI Gyozas precocinadas y congeladas rellenas de pollo y black fungus 400 g.",
    "precio": "3,75 €",
    "unidad": "400g",
    "precio_por_unidad": "9,38 € por kilogramo",
    "nutricion": {
      "valor_energetico_kj": "814.0 Kj",
      "valor_energetico_kcal": "194.0 Kcal",
      "grasas_g": "6.9 g",
      "grasas_saturadas_g": "1.64 g",
      "hidratos_g": "23.3 g",
      "azucares_g": "0.32 g",
      "proteinas_g": "8.6 g",
      "sal_g": "1.12 g"
    },
    "caracteristicas": {
      "nombre_operador": "Proveedor: VG Iberia S.L.U.",
      "direccion_operador": "Proveedor: Plaza de Castilla n°3 planta 4A, 28046 Madrid España",
      "denominacion_legal": "Gyozas, empanadillas japonesas con pollo y hongos negros, masa rellena congelada, precocinado.",
      "peso_neto": "400g"
    },
    "id": 413
  },
  {
    "url": "https://www.compraonline.alcampo.es/products/leffe-blond-cerveza-rubia-tipo-abad%C3%ADa-belga-botella-33-cl/30226",
    "nombre": "LEFFE BLOND Cerveza rubia tipo abadía Belga botella 33 cl.",
    "precio": "2,00 €",
    "unidad": "330ml",
    "precio_por_unidad": "6,06 € por litro",
    "nutricion": {
      "valor_energetico_kj": "241.0 Kj",
      "valor_energetico_kcal": "58.0 Kcal",
      "grasas_g": "0.0 g",
      "grasas_saturadas_g": "0.0 g",
      "hidratos_g": "5.4 g",
      "azucares_g": "0.5 g",
      "proteinas_g": "0.4 g",
      "sal_g": "0.0 g"
    },
    "caracteristicas": {
      "nombre_operador": "MAHOU, S.A.",
      "direccion_operador": "Calle Titan, 15  28045  Madrid",
      "pais_origen": "Bélgica",
      "denominacion_legal": "CERVEZA EXTRA",
      "formato": "Botella",
      "peso_neto": "0,33l",
      "agrupacion": "Unidad",
      "capacidad": "33 cl."
    },
    "id": 414
  },
  {
    "url": "https://www.compraonline.alcampo.es/products/gran-capit%C3%A1n-queso-cortado-semicurado-gran-capit%C3%A1n-cortadas-230-g/94872",
    "nombre": "GRAN CAPITÁN Queso cortado semicurado GRAN CAPITÁN CORTADAS 230 g.",
    "precio": "5,50 €",
    "unidad": "230g",
    "precio_por_unidad": "23,91 € por kilogramo",
    "nutricion": {
      "valor_energetico_kj": "1693.0 Kj",
      "valor_energetico_kcal": "408.0 Kcal",
      "grasas_g": "35.0 g",
      "grasas_saturadas_g": "24.0 g",
      "hidratos_g": "0.5 g",
      "azucares_g": "0.5 g",
      "proteinas_g": "23.0 g",
      "sal_g": "1.5 g"
    },
    "caracteristicas": {
      "nombre_operador": "Lactalis Forlasa S.L.U.",
      "direccion_operador": "Avda. Reyes Católicos. 135. 02600 Villarrobledo",
      "pais_origen": "España",
      "lugar_procedencia": "España",
      "denominacion_legal": "Queso de vaca, cabra y oveja semicurado",
      "peso_neto": "230g"
    },
    "id": 415
  },
  {
    "url": "https://www.compraonline.alcampo.es/products/auchan-masa-rectagular-para-empanada-280-g-producto-alcampo/83553",
    "nombre": "AUCHAN Masa rectagular para empanada 280 g. Producto Alcampo",
    "precio": "1,45 €",
    "unidad": "280g",
    "precio_por_unidad": "5,18 € por kilogramo",
    "nutricion": {
      "valor_energetico_kj": "1616.0 Kj",
      "valor_energetico_kcal": "386.0 Kcal",
      "grasas_g": "19.0 g",
      "grasas_saturadas_g": "7.2 g",
      "hidratos_g": "44.0 g",
      "azucares_g": "3.0 g",
      "proteinas_g": "5.8 g",
      "sal_g": "1.0 g"
    },
    "caracteristicas": {
      "nombre_operador": "Alcampo, S.A.",
      "direccion_operador": "C/Santiago de Compostela Sur s/n, 28029 Madrid",
      "denominacion_legal": "Masa para empanada lista para extender",
      "peso_neto": "280g"
    },
    "id": 416
  },
  {
    "url": "https://www.compraonline.alcampo.es/products/quaker-cereales-muesli-con-chocolate-cruesli-375-g/28517",
    "nombre": "QUAKER Cereales muesli con chocolate Cruesli 375 g.",
    "precio": "5,12 €",
    "unidad": "375g",
    "precio_por_unidad": "13,65 € por kilogramo",
    "nutricion": {
      "valor_energetico_kj": "1906.0 Kj",
      "valor_energetico_kcal": "455.0 Kcal",
      "grasas_g": "19.3 g",
      "grasas_saturadas_g": "4.9 g",
      "hidratos_g": "57.1 g",
      "azucares_g": "16.3 g",
      "proteinas_g": "8.1 g",
      "sal_g": "0.48 g"
    },
    "caracteristicas": {
      "nombre_operador": "PEPSICO FOODS AIE",
      "direccion_operador": "CALLE MARIE CURIE, 7 PLANTA 1, EDIFICIO 8 VITORIA-GASTEIZ, ALAVA",
      "denominacion_legal": "Copos de cereales tostados crujientes con chocolate",
      "peso_neto": "375g"
    },
    "id": 417
  },
  {
    "url": "https://www.compraonline.alcampo.es/products/oikos-yogur-griego-natural-de-danone-4-x-110-g/89548",
    "nombre": "OIKOS Yogur griego natural  de Danone 4 x 110 g.",
    "precio": "2,49 €",
    "unidad": "440g",
    "precio_por_unidad": "5,66 € por kilogramo",
    "nutricion": {
      "valor_energetico_kj": "493.0 Kj",
      "valor_energetico_kcal": "118.0 Kcal",
      "grasas_g": "9.5 g",
      "grasas_saturadas_g": "6.4 g",
      "hidratos_g": "4.9 g",
      "azucares_g": "4.9 g",
      "proteinas_g": "3.2 g",
      "sal_g": "0.2 g"
    },
    "caracteristicas": {
      "nombre_operador": "Danone S.A.",
      "direccion_operador": "Buenos aires, 21 08029 Barcelona  Barcelona",
      "denominacion_legal": "Yogur Natural",
      "peso_neto": "440g",
      "sabor": "Natural"
    },
    "id": 418
  },
  {
    "url": "https://www.compraonline.alcampo.es/products/ligeresa-salsa-mayonesa-light-frasco-415-10-ml/311778",
    "nombre": "LIGERESA Salsa mayonesa light frasco 415 + 10 ml.",
    "precio": "2,25 €",
    "unidad": "425ml",
    "precio_por_unidad": "5,29 € por litro",
    "nutricion": {
      "valor_energetico_kj": "732.0 Kj",
      "valor_energetico_kcal": "177.0 Kcal",
      "grasas_g": "16.0 g",
      "grasas_saturadas_g": "2.0 g",
      "hidratos_g": "7.4 g",
      "azucares_g": "3.0 g",
      "proteinas_g": "0.5 g",
      "sal_g": "1.3 g"
    },
    "caracteristicas": {
      "nombre_operador": "Unilever España S.A.",
      "direccion_operador": "C/Tecnología 19, 08840 Viladecans (Barcelona)",
      "denominacion_legal": "Salsa",
      "peso_neto": "650ml",
      "numero_raciones": "43 raciones"
    },
    "id": 419
  },
  {
    "url": "https://www.compraonline.alcampo.es/products/maeloc-sidra-natural-sin-alcohol-sin-azucares-a%C3%B1adidos-y-con-stevia-botella-75-cl/848278",
    "nombre": "MAELOC Sidra natural sin alcohol, sin azucares añadidos y con stevia botella 75 cl.",
    "precio": "2,19 €",
    "nutricion": {
      "valor_energetico_kj": "76.0 Kj",
      "valor_energetico_kcal": "18.0 Kcal",
      "grasas_g": "0.0 g",
      "grasas_saturadas_g": "0.0 g",
      "hidratos_g": "3.0 g",
      "azucares_g": "3.0 g",
      "proteinas_g": "0.1 g",
      "sal_g": "0.1 g"
    },
    "caracteristicas": {
      "nombre_operador": "CUSTOMDRINKS",
      "direccion_operador": "Pol. Ind. Os acivros Parcela C1 27500 Chantada",
      "denominacion_legal": "Bebida refrescante de zumo de manzana 25% zumo."
    },
    "id": 420
  },
  {
    "url": "https://www.compraonline.alcampo.es/products/hellmann-s-salsa-barbacoa-430-ml/648312",
    "nombre": "HELLMANN'S Salsa barbacoa 430 ml.",
    "precio": "3,49 €",
    "unidad": "430ml",
    "precio_por_unidad": "8,12 € por litro",
    "nutricion": {
      "valor_energetico_kj": "559.0 Kj",
      "valor_energetico_kcal": "133.0 Kcal",
      "grasas_g": "0.7 g",
      "grasas_saturadas_g": "0.1 g",
      "hidratos_g": "30.0 g",
      "azucares_g": "26.0 g",
      "proteinas_g": "0.7 g",
      "sal_g": "1.6 g"
    },
    "caracteristicas": {
      "nombre_operador": "Unilever España, S.A.",
      "direccion_operador": "C/ Tecnología 19, 08840 Viladecans (Barcelona)",
      "pais_origen": "Polonia",
      "denominacion_legal": "Salsa barbacoa",
      "peso_neto": "430ml",
      "numero_raciones": "33"
    },
    "id": 421
  },
  {
    "url": "https://www.compraonline.alcampo.es/products/deoro-pizza-fresca-de-jam%C3%B3n-y-queso-cocida-en-horno-de-piedra-deoro-400-g/532598",
    "nombre": "DEORO Pizza fresca de jamón y queso cocida en horno de piedra DEORO 400 g.",
    "precio": "2,45 €",
    "unidad": "400g",
    "precio_por_unidad": "6,13 € por kilogramo",
    "nutricion": {
      "valor_energetico_kj": "1004.0 Kj",
      "valor_energetico_kcal": "238.0 Kcal",
      "grasas_g": "7.6 g",
      "grasas_saturadas_g": "3.7 g",
      "hidratos_g": "32.0 g",
      "azucares_g": "2.3 g",
      "proteinas_g": "10.3 g",
      "sal_g": "1.8 g"
    },
    "caracteristicas": {
      "nombre_operador": "Cor Alimentación",
      "direccion_operador": "C/Joan Bardina. 61. 08830 Sant Boi de Llobregat. Barcelona",
      "pais_origen": "España",
      "lugar_procedencia": "España",
      "denominacion_legal": "Pizza Mixta",
      "peso_neto": "400g"
    },
    "id": 422
  },
  {
    "url": "https://www.compraonline.alcampo.es/products/nescaf%C3%A9-gold-caf%C3%A9-soluble-vainilla-latte-276-g/638575",
    "nombre": "NESCAFÉ GOLD Café soluble vainilla latte 276 g.",
    "precio": "4,70 €",
    "unidad": "276g",
    "precio_por_unidad": "17,03 € por kilogramo",
    "nutricion": {
      "valor_energetico_kj": "134.0 Kj",
      "valor_energetico_kcal": "32.0 Kcal",
      "grasas_g": "0.8 g",
      "grasas_saturadas_g": "0.7 g",
      "hidratos_g": "5.4 g",
      "azucares_g": "3.8 g",
      "proteinas_g": "0.6 g",
      "sal_g": "0.11 g"
    },
    "caracteristicas": {
      "nombre_operador": "Nestlé España, S.A.",
      "direccion_operador": "C/ Clara Campoamor, nº 2 08950 Esplugues de Llobregat (Barcelona)",
      "pais_origen": "España",
      "denominacion_legal": "Preparado alimenticio en polvo para bebida de café soluble y leche desnatada sabor a vainilla",
      "peso_neto": "276g",
      "numero_raciones": "16",
      "signo_estimacion": "Si"
    },
    "id": 423
  },
  {
    "url": "https://www.compraonline.alcampo.es/products/kung-fu-pasta-oriental-con-sabor-a-pollo-80-g/14637",
    "nombre": "KUNG-FU Pasta oriental con sabor a pollo 80 g.",
    "precio": "1,00 €",
    "unidad": "80g",
    "precio_por_unidad": "12,50 € por kilogramo",
    "nutricion": {
      "valor_energetico_kj": "1899.9 Kj",
      "valor_energetico_kcal": "454.0 Kcal",
      "grasas_g": "21.2 g",
      "grasas_saturadas_g": "11.8 g",
      "hidratos_g": "56.5 g",
      "azucares_g": "0.0 g",
      "proteinas_g": "9.4 g",
      "sal_g": "6.0 g"
    },
    "caracteristicas": {
      "nombre_operador": "Ofistrade S.A.",
      "direccion_operador": "C/Buenos Aires 38-40, entlo. C - 08036 Barcelona",
      "pais_origen": "Taiwan",
      "lugar_procedencia": "Taiwan",
      "denominacion_legal": "Pasta oriental sabor pollo",
      "peso_neto": "80g",
      "cantidad_neta_disgregada": "80"
    },
    "id": 424
  },
  {
    "url": "https://www.compraonline.alcampo.es/products/alvalle-gazpacho-selecci%C3%B3n-de-temporada-alvalle-900-ml/453062",
    "nombre": "ALVALLE Gazpacho selección de temporada ALVALLE 900 ml.",
    "precio": "3,49 €",
    "unidad": "900g",
    "precio_por_unidad": "3,88 € por kilogramo",
    "nutricion": {
      "valor_energetico_kj": "218.0 Kj",
      "valor_energetico_kcal": "52.0 Kcal",
      "grasas_g": "3.6 g",
      "grasas_saturadas_g": "0.5 g",
      "hidratos_g": "3.8 g",
      "azucares_g": "2.4 g",
      "proteinas_g": "0.8 g",
      "sal_g": "0.45 g"
    },
    "caracteristicas": {
      "nombre_operador": "PEPSICO FOODS AIE",
      "direccion_operador": "CALLE MARIE CURIE, 7 PLANTA 1, EDIFICIO 8 VITORIA-GASTEIZ, ALAVA",
      "denominacion_legal": "Gazpacho",
      "peso_neto": "900g"
    },
    "id": 425
  },
  {
    "url": "https://www.compraonline.alcampo.es/products/isabel-at%C3%BAn-claro-en-aceite-de-oliva-pack-6-uds-x-52-g/24688",
    "nombre": "ISABEL Atún claro en aceite de oliva pack 6 uds. x 52 g.",
    "precio": "8,72 €",
    "unidad": "312g",
    "precio_por_unidad": "27,95 € por kilogramo",
    "nutricion": {
      "valor_energetico_kj": "1302.0 Kj",
      "valor_energetico_kcal": "314.0 Kcal",
      "grasas_g": "26.0 g",
      "grasas_saturadas_g": "4.4 g",
      "hidratos_g": "0.0 g",
      "azucares_g": "0.0 g",
      "proteinas_g": "20.0 g",
      "sal_g": "0.9 g"
    },
    "caracteristicas": {
      "nombre_operador": "Bolton Cile España, S.A.",
      "direccion_operador": "C/ Ombú 3 28045-Madrid (España)",
      "pais_origen": "España",
      "denominacion_legal": "Atún claro en aceite de oliva",
      "formato": "Lata",
      "peso_neto": "390g"
    },
    "id": 426
  },
  {
    "url": "https://www.compraonline.alcampo.es/products/auchan-bebida-de-soja-sin-gluten-enriquecida-con-calcio-y-vitaminas-a-y-d-6-x-1l-producto-alcampo/90476",
    "nombre": "AUCHAN Bebida de soja sin gluten, enriquecida con calcio y vitaminas A y D 6 x 1l. Producto Alcampo",
    "precio": "3,84 €",
    "unidad": "6000ml",
    "precio_por_unidad": "0,64 € por litro",
    "nutricion": {
      "valor_energetico_kj": "151.0 Kj",
      "valor_energetico_kcal": "36.0 Kcal",
      "grasas_g": "1.6 g",
      "grasas_saturadas_g": "0.3 g",
      "hidratos_g": "2.0 g",
      "azucares_g": "2.0 g",
      "proteinas_g": "3.0 g",
      "sal_g": "0.1 g"
    },
    "caracteristicas": {
      "nombre_operador": "Alcampo, S.A.",
      "direccion_operador": "c/ Santiago de Compostela, Sur s/n, 28029 Madrid",
      "denominacion_legal": "Bebida de soja UHT enriquecida en calcio y vitaminas B2, B12 y D",
      "formato": "Brick",
      "peso_neto": "1000ml",
      "agrupacion": "Pack de  6",
      "numero_raciones": "4"
    },
    "id": 427
  },
  {
    "url": "https://www.compraonline.alcampo.es/products/m%C3%A1rdel-alfajores-de-chocolate-con-dulce-de-leche-150-gr/18559",
    "nombre": "MÁRDEL Alfajores de chocolate con dulce de leche 150 gr,",
    "precio": "2,18 €",
    "unidad": "150g",
    "precio_por_unidad": "14,53 € por kilogramo",
    "nutricion": {
      "valor_energetico_kj": "1672.0 Kj",
      "valor_energetico_kcal": "398.0 Kcal",
      "grasas_g": "14.6 g",
      "grasas_saturadas_g": "10.1 g",
      "hidratos_g": "58.3 g",
      "azucares_g": "43.5 g",
      "proteinas_g": "7.7 g",
      "sal_g": "0.3 g"
    },
    "caracteristicas": {
      "nombre_operador": "Caro Import S.L.",
      "direccion_operador": "Can Illa s/n Nave A - Pol. Ind. Can Met Sidro - 08530 La Garriga (Barcelona)",
      "pais_origen": "España",
      "lugar_procedencia": "Barcelona",
      "denominacion_legal": "Alfajor",
      "peso_neto": "150g",
      "numero_raciones": "3 raciones aprox.",
      "cantidad_neta_disgregada": "3 x 50 g."
    },
    "id": 428
  },
  {
    "url": "https://www.compraonline.alcampo.es/products/calvo-calamares-en-salsa-americana-en-trozos-pack-de-3-latas-de-48-g/28119",
    "nombre": "CALVO Calamares en salsa americana en trozos pack de 3 latas de 48 g.",
    "precio": "3,03 €",
    "unidad": "144g",
    "precio_por_unidad": "21,04 € por kilogramo",
    "nutricion": {
      "valor_energetico_kj": "1017.0 Kj",
      "valor_energetico_kcal": "243.0 Kcal",
      "grasas_g": "17.0 g",
      "grasas_saturadas_g": "2.0 g",
      "hidratos_g": "7.0 g",
      "azucares_g": "2.0 g",
      "proteinas_g": "15.0 g",
      "sal_g": "2.0 g"
    },
    "caracteristicas": {
      "nombre_operador": "Calvo Distribución Alimentaria SLU",
      "direccion_operador": "Ctra. Coruña-Finisterre. 15106 Carballo. La Coruña",
      "pais_origen": "España",
      "lugar_procedencia": "NO Aplica",
      "denominacion_legal": "Calamares en salsa americana",
      "formato": "Lata",
      "peso_neto": "240g",
      "numero_raciones": "3",
      "cantidad_neta_disgregada": "3x80gr",
      "signo_estimacion": "Si"
    },
    "id": 429
  },
  {
    "url": "https://www.compraonline.alcampo.es/products/ca%C3%B1a-nature-guacamole-tradicional-100-natural-sin-conservantes-ni-gluten-ca%C3%B1a-nature-200-g/642077",
    "nombre": "CAÑA NATURE Guacamole tradicional 100% natural, sin conservantes ni gluten CAÑA NATURE 200 g.",
    "precio": "2,45 €",
    "unidad": "200g",
    "precio_por_unidad": "12,25 € por kilogramo",
    "nutricion": {
      "valor_energetico_kj": "688.0 Kj",
      "valor_energetico_kcal": "167.0 Kcal",
      "grasas_g": "14.9 g",
      "grasas_saturadas_g": "2.8 g",
      "hidratos_g": "5.0 g",
      "azucares_g": "1.4 g",
      "proteinas_g": "1.9 g",
      "sal_g": "1.01 g"
    },
    "caracteristicas": {
      "nombre_operador": "Caña Nature S.L.U",
      "direccion_operador": "Avenida de Incar Nº33, 18130 Escúzar Granada",
      "pais_origen": "España",
      "denominacion_legal": "Guacamole",
      "peso_neto": "200g",
      "numero_raciones": "4 raciones de 50g",
      "signo_estimacion": "Si"
    },
    "id": 430
  },
  {
    "url": "https://www.compraonline.alcampo.es/products/orbit-chlicles-sabor-hierbabuena-46-uds-64-g/199110",
    "nombre": "ORBIT Chlicles sabor hierbabuena, 46 uds, 64 g.",
    "precio": "2,39 €",
    "unidad": "64g",
    "precio_por_unidad": "37,34 € por kilogramo",
    "nutricion": {
      "valor_energetico_kj": "622.0 Kj",
      "valor_energetico_kcal": "149.0 Kcal",
      "grasas_g": "0.0 g",
      "grasas_saturadas_g": "0.0 g",
      "hidratos_g": "62.0 g",
      "azucares_g": "0.0 g",
      "proteinas_g": "0.0 g",
      "sal_g": "0.0 g"
    },
    "caracteristicas": {
      "nombre_operador": "Mars Multisales Spain, S.L",
      "direccion_operador": "Plaza de Carlos Trías Bertrán, 4, 1ª Planta 28020 Madrid, España.",
      "denominacion_legal": "Chicle con edulcorantes sin azúcar y sabor a menta.",
      "peso_neto": "64g"
    },
    "id": 431
  },
  {
    "url": "https://www.compraonline.alcampo.es/products/buitoni-masa-redonda-para-pizza-tradicional-330-g/948054",
    "nombre": "BUITONI Masa redonda para pizza tradicional 330 g.",
    "precio": "2,94 €",
    "unidad": "330g",
    "precio_por_unidad": "8,91 € por kilogramo",
    "nutricion": {
      "valor_energetico_kj": "1183.0 Kj",
      "valor_energetico_kcal": "280.0 Kcal",
      "grasas_g": "5.5 g",
      "grasas_saturadas_g": "0.4 g",
      "hidratos_g": "46.3 g",
      "azucares_g": "2.0 g",
      "proteinas_g": "8.6 g",
      "sal_g": "1.5 g"
    },
    "caracteristicas": {
      "nombre_operador": "Nestlé España, S.A.",
      "direccion_operador": "C/ Clara Campoamor, nº 2 08950 - Esplugues de Llobregat (Barcelona)",
      "pais_origen": "Suiza",
      "denominacion_legal": "Masa para pizza redonda refrigerada.",
      "peso_neto": "330g",
      "numero_raciones": "3 porciones",
      "signo_estimacion": "Si"
    },
    "id": 432
  },
  {
    "url": "https://www.compraonline.alcampo.es/products/duvel-cerveza-rubia-botella-33-cl/58980",
    "nombre": "DUVEL Cerveza rubia botella 33 cl.",
    "precio": "1,99 €",
    "unidad": "330ml",
    "precio_por_unidad": "6,03 € por litro",
    "nutricion": {
      "valor_energetico_kj": "260.0 Kj",
      "valor_energetico_kcal": "62.0 Kcal",
      "grasas_g": "0.0 g",
      "grasas_saturadas_g": "0.0 g",
      "hidratos_g": "3.8 g",
      "azucares_g": "0.0 g",
      "proteinas_g": "0.3 g",
      "sal_g": "0.01 g"
    },
    "caracteristicas": {
      "nombre_operador": "Duvel Moortgat España, S.L.",
      "direccion_operador": "Calle del Divino Pastor, bajo B, 28004 - Madrid (España)",
      "pais_origen": "Bélgica",
      "denominacion_legal": "Cerveza rubia de tipo ALE.",
      "formato": "Botella",
      "peso_neto": "330ml",
      "agrupacion": "Unidad",
      "capacidad": "33 cl.",
      "signo_estimacion": "Si"
    },
    "id": 433
  },
  {
    "url": "https://www.compraonline.alcampo.es/products/hellmann-s-salsa-deluxe-especial-para-patatas-250-ml/25040",
    "nombre": "HELLMANN'S Salsa deluxe especial para patatas 250 ml.",
    "precio": "1,89 €",
    "unidad": "250ml",
    "precio_por_unidad": "7,56 € por litro",
    "nutricion": {
      "valor_energetico_kj": "1228.0 Kj",
      "valor_energetico_kcal": "290.0 Kcal",
      "grasas_g": "26.0 g",
      "grasas_saturadas_g": "2.2 g",
      "hidratos_g": "13.0 g",
      "azucares_g": "9.0 g",
      "proteinas_g": "1.1 g",
      "sal_g": "1.5 g"
    },
    "caracteristicas": {
      "nombre_operador": "Unilever España, S.A.",
      "direccion_operador": "C/ Tecnología 19, 08840 Viladecans (Barcelona)",
      "pais_origen": "Polonia",
      "denominacion_legal": "Salsa para patatas",
      "peso_neto": "250ml",
      "numero_raciones": "17"
    },
    "id": 434
  },
  {
    "url": "https://www.compraonline.alcampo.es/products/go-tan-crackers-go-tan-bolsa-de-75-g/13166",
    "nombre": "GO-TAN Crackers GO-TAN bolsa de 75 g.",
    "precio": "1,79 €",
    "unidad": "75g",
    "precio_por_unidad": "23,87 € por kilogramo",
    "nutricion": {
      "valor_energetico_kj": "2069.0 Kj",
      "valor_energetico_kcal": "494.0 Kcal",
      "grasas_g": "24.6 g",
      "grasas_saturadas_g": "3.2 g",
      "hidratos_g": "66.2 g",
      "azucares_g": "4.6 g",
      "proteinas_g": "2.1 g",
      "sal_g": "1.8 g"
    },
    "caracteristicas": {
      "nombre_operador": "Ofistrade S.A.",
      "direccion_operador": "C/Buenos Aires 38-40, entlo. C - 08036 Barcelona",
      "pais_origen": "Países Bajos",
      "lugar_procedencia": "Holanda",
      "denominacion_legal": "GO-TAN:PRAWN CRACKER GOURMET 50g",
      "peso_neto": "50g",
      "cantidad_neta_disgregada": "50",
      "signo_estimacion": "Si"
    },
    "id": 435
  },
  {
    "url": "https://www.compraonline.alcampo.es/products/ta-tung-pollo-teriyaki-con-arroz-listo-para-calentar-y-comer-250-g/435652",
    "nombre": "TA-TUNG Pollo teriyaki con arroz listo para calentar y comer 250 g.",
    "precio": "2,95 €",
    "unidad": "250g",
    "precio_por_unidad": "11,80 € por kilogramo",
    "nutricion": {
      "valor_energetico_kj": "873.0 Kj",
      "valor_energetico_kcal": "207.0 Kcal",
      "grasas_g": "4.0 g",
      "grasas_saturadas_g": "0.8 g",
      "hidratos_g": "29.0 g",
      "azucares_g": "0.7 g",
      "proteinas_g": "13.2 g",
      "sal_g": "1.3 g"
    },
    "caracteristicas": {
      "nombre_operador": "Ta-Tung platos precocinados, S.L.",
      "direccion_operador": "Avda. de Torrelles de Llobregat, s/n. - Poligono La Barruana - 08620 Sant Vicenç dels Horts (Barcelona)",
      "denominacion_legal": "Menú pollo teriyaki con arroz",
      "peso_neto": "250g"
    },
    "id": 436
  },
  {
    "url": "https://www.compraonline.alcampo.es/products/la-coste%C3%B1a-jalape%C3%B1o-rodajas-la-coste%C3%B1a-220-gr/208126",
    "nombre": "LA COSTEÑA Jalapeño rodajas LA COSTEÑA 220 gr.",
    "precio": "2,08 €",
    "unidad": "220g",
    "precio_por_unidad": "9,45 € por kilogramo",
    "nutricion": {
      "valor_energetico_kj": "105.0 Kj",
      "valor_energetico_kcal": "25.0 Kcal",
      "grasas_g": "1.0 g",
      "grasas_saturadas_g": "0.0 g",
      "hidratos_g": "3.0 g",
      "azucares_g": "0.0 g",
      "proteinas_g": "1.0 g",
      "sal_g": "2.65 g"
    },
    "caracteristicas": {
      "nombre_operador": "Central Mexicana de Abastos S.L.",
      "direccion_operador": "Puerto de Guadarrama 30, Pol Ind. Las Nieves 28935 Móstoles, Madrid.",
      "pais_origen": "Mexico",
      "denominacion_legal": "Jalapeños nachos 220g.",
      "peso_neto": "220g"
    },
    "id": 437
  },
  {
    "url": "https://www.compraonline.alcampo.es/products/colajet-polo-sin-gluten-con-sabor-a-chocolate-cola-y-lim%C3%B3n-4-x-66-ml/68027",
    "nombre": "COLAJET Polo sin gluten, con sabor a chocolate, cola y limón 4 x 66 ml.",
    "precio": "3,13 €",
    "unidad": "264ml",
    "precio_por_unidad": "11,86 € por litro",
    "nutricion": {
      "valor_energetico_kj": "502.0 Kj",
      "valor_energetico_kcal": "119.0 Kcal",
      "grasas_g": "1.4 g",
      "grasas_saturadas_g": "0.8 g",
      "hidratos_g": "26.0 g",
      "azucares_g": "21.0 g",
      "proteinas_g": "0.3 g",
      "sal_g": "0.01 g"
    },
    "caracteristicas": {
      "nombre_operador": "Froneri Iberia, S.L.",
      "direccion_operador": "Zona Industrial Araia C/ Intxerdui, 5 - 01250 Araia (Álava) ESPAÑA",
      "denominacion_legal": "Helados de agua sabor a limón y sabor a cola con recubrimiento al cacao (2,5%)",
      "peso_neto": "252g",
      "numero_raciones": "4 unidades",
      "signo_estimacion": "Si"
    },
    "id": 438
  },
  {
    "url": "https://www.compraonline.alcampo.es/products/galbani-queso-rallado-parmesano-60-g/50899",
    "nombre": "GALBANI Queso rallado Parmesano 60 g.",
    "precio": "2,57 €",
    "unidad": "60g",
    "precio_por_unidad": "42,83 € por kilogramo",
    "nutricion": {
      "valor_energetico_kj": "1671.0 Kj",
      "valor_energetico_kcal": "402.0 Kcal",
      "grasas_g": "30.0 g",
      "grasas_saturadas_g": "20.0 g",
      "hidratos_g": "0.0 g",
      "azucares_g": "0.0 g",
      "proteinas_g": "32.0 g",
      "sal_g": "1.6 g"
    },
    "caracteristicas": {
      "nombre_operador": "Lactalis Forlasa S.L.U.",
      "direccion_operador": "Avda. Reyes Católicos. 135. 02600 Villarrobledo",
      "pais_origen": "Italia",
      "lugar_procedencia": "Italia",
      "denominacion_legal": "Queso Parmigiano Reggiano",
      "peso_neto": "60g"
    },
    "id": 439
  },
  {
    "url": "https://www.compraonline.alcampo.es/products/alcampo-ecol%C3%B3gico-tomate-frito-tarro-de-340-ml/25108",
    "nombre": "ALCAMPO ECOLÓGICO Tomate frito tarro de 340 ml.",
    "precio": "2,08 €",
    "unidad": "340g",
    "precio_por_unidad": "6,12 € por kilogramo",
    "nutricion": {
      "valor_energetico_kj": "337.0 Kj",
      "valor_energetico_kcal": "81.0 Kcal",
      "grasas_g": "3.9 g",
      "grasas_saturadas_g": "0.4 g",
      "hidratos_g": "9.8 g",
      "azucares_g": "4.4 g",
      "proteinas_g": "1.3 g",
      "sal_g": "0.9 g"
    },
    "caracteristicas": {
      "nombre_operador": "Alcampo, S.A.",
      "direccion_operador": "C/ Santiago de Compostela Sur, s/n. 28029 Madrid",
      "denominacion_legal": "Tomate Frito Ecológico",
      "formato": "Frasco",
      "peso_neto": "340g"
    },
    "id": 440
  },
  {
    "url": "https://www.compraonline.alcampo.es/products/ferrarini-guanciale-cortado-en-c%C3%B3modas-y-pr%C3%A1cticas-tiras-100-g/717106",
    "nombre": "FERRARINI Guanciale cortado en cómodas y prácticas tiras 100 g.",
    "precio": "2,38 €",
    "unidad": "100g",
    "precio_por_unidad": "23,80 € por kilogramo",
    "nutricion": {
      "valor_energetico_kj": "2736.0 Kj",
      "valor_energetico_kcal": "664.0 Kcal",
      "grasas_g": "70.0 g",
      "grasas_saturadas_g": "27.0 g",
      "hidratos_g": "1.5 g",
      "azucares_g": "0.0 g",
      "proteinas_g": "7.1 g",
      "sal_g": "2.7 g"
    },
    "caracteristicas": {
      "nombre_operador": "FERRARINI ESPAÑA, S.L.",
      "direccion_operador": "RONDA DE BUENAVISTA, 55 - CENTRO COMERCIAL MODULO 3 1ª PLANTA OF. 11 - 45005 TOLEDO",
      "pais_origen": "Italia",
      "denominacion_legal": "Tiras de Guanciale",
      "peso_neto": "100g",
      "signo_estimacion": "Si"
    },
    "id": 441
  },
  {
    "url": "https://www.compraonline.alcampo.es/products/voll-damm-cerveza-doble-malta-pack-12-x-33-cl/40637",
    "nombre": "VOLL-DAMM Cerveza doble malta pack 12 x 33 cl.",
    "precio": "8,88 €",
    "unidad": "3960ml",
    "precio_por_unidad": "2,24 € por litro",
    "nutricion": {
      "valor_energetico_kj": "275.0 Kj",
      "valor_energetico_kcal": "66.0 Kcal",
      "grasas_g": "0.0 g",
      "grasas_saturadas_g": "0.0 g",
      "hidratos_g": "5.5 g",
      "azucares_g": "0.5 g",
      "proteinas_g": "0.6 g",
      "sal_g": "0.0 g"
    },
    "caracteristicas": {
      "nombre_operador": "S.A. DAMM",
      "direccion_operador": "C/ ROSELLÓ, 515. 08025 BARCELONA, BARCELONA",
      "pais_origen": "España",
      "denominacion_legal": "Cerveza Doble Malta",
      "formato": "Lata",
      "peso_neto": "3,96l",
      "agrupacion": "Pack de 12",
      "capacidad": "33 cl.",
      "cantidad_neta_disgregada": "12 x 0,33 L",
      "signo_estimacion": "Si"
    },
    "id": 442
  },
  {
    "url": "https://www.compraonline.alcampo.es/products/mission-chips-de-ma%C3%ADz-artesanos-200-g/895092",
    "nombre": "MISSION Chips de maíz artesanos 200 g.",
    "precio": "2,04 €",
    "unidad": "200g",
    "precio_por_unidad": "10,20 € por kilogramo",
    "nutricion": {
      "valor_energetico_kj": "2098.0 Kj",
      "valor_energetico_kcal": "503.0 Kcal",
      "grasas_g": "27.0 g",
      "grasas_saturadas_g": "2.9 g",
      "hidratos_g": "55.0 g",
      "azucares_g": "1.8 g",
      "proteinas_g": "6.3 g",
      "sal_g": "1.8 g"
    },
    "caracteristicas": {
      "nombre_operador": "MISSION FOODS IBERIA S.A.U.",
      "direccion_operador": "Avenida de la Industria 1015, PG Antonio del Rincón, 45222 Borox (Toledo)",
      "pais_origen": "España",
      "lugar_procedencia": "España",
      "denominacion_legal": "Producto de aperitivo frito de maíz",
      "peso_neto": "200g",
      "signo_estimacion": "Si"
    },
    "id": 443
  },
  {
    "url": "https://www.compraonline.alcampo.es/products/puleva-peques-3-leche-3-de-crecimiento-de-12-a-36-meses-1-l/51605",
    "nombre": "PULEVA Peques 3 Leche (3) de crecimiento de 12 a 36 meses 1 l.",
    "precio": "1,78 €",
    "unidad": "1000ml",
    "precio_por_unidad": "1,78 € por litro",
    "nutricion": {
      "valor_energetico_kj": "241.0 Kj",
      "valor_energetico_kcal": "58.0 Kcal",
      "grasas_g": "3.1 g",
      "grasas_saturadas_g": "1.2 g",
      "hidratos_g": "5.7 g",
      "azucares_g": "2.6 g",
      "proteinas_g": "1.7 g",
      "sal_g": "0.11 g"
    },
    "caracteristicas": {
      "nombre_operador": "Lactalis Puleva, S.L.",
      "direccion_operador": "Camino de Purchil, 66 - 18004 Granada",
      "denominacion_legal": "Preparado lácteo infantil.UHT",
      "peso_neto": "1kg",
      "numero_raciones": "1"
    },
    "id": 444
  },
  {
    "url": "https://www.compraonline.alcampo.es/products/tio-pepe-vino-fino-extra-seco-con-d-o-jerez-xerez-sherry-botella-75-cl/30457",
    "nombre": "TIO PEPE  Vino fino extra seco con D.O. Jerez-Xerez-Sherry botella 75 cl.",
    "precio": "6,46 €",
    "nutricion": {
      "valor_energetico_kj": "349.0 Kj",
      "valor_energetico_kcal": "83.0 Kcal",
      "grasas_g": "0.0 g",
      "grasas_saturadas_g": "0.0 g",
      "hidratos_g": "0.05 g",
      "azucares_g": "0.05 g",
      "proteinas_g": "0.0 g",
      "sal_g": "0.0 g"
    },
    "caracteristicas": {
      "nombre_operador": "Bodega Gonzalez Byass Jerez S. L. U",
      "direccion_operador": "Manuel Mª González 12, 11403 JEREZ DE LA FRONTERA",
      "denominacion_legal": "Jerez Vino Fino"
    },
    "id": 445
  },
  {
    "url": "https://www.compraonline.alcampo.es/products/pepsi-zero-refresco-de-cola-zero-sin-az%C3%BAcar-botella-50-cl/98688",
    "nombre": "PEPSI ZERO Refresco de cola zero sin azúcar botella 50 cl.",
    "precio": "1,21 €",
    "unidad": "500ml",
    "precio_por_unidad": "2,42 € por litro",
    "nutricion": {
      "valor_energetico_kj": "2.0 Kj",
      "valor_energetico_kcal": "0.0 Kcal",
      "grasas_g": "0.0 g",
      "grasas_saturadas_g": "0.0 g",
      "hidratos_g": "0.0 g",
      "azucares_g": "0.0 g",
      "proteinas_g": "0.0 g",
      "sal_g": "0.0 g"
    },
    "caracteristicas": {
      "nombre_operador": "COMPAÑIA DE BEBIDAS PEPSICO SL",
      "direccion_operador": "CALLE MARIE CURIE, 7 PLANTA 1, EDIFICIO 8 VITORIA-GASTEIZ, ALAVA",
      "denominacion_legal": "Bebida refrescante aromatizada con edulcorantes.",
      "formato": "Botella",
      "peso_neto": "500g",
      "sabor": "Cola",
      "agrupacion": "Unidad",
      "capacidad": "50 cl."
    },
    "id": 446
  },
  {
    "url": "https://www.compraonline.alcampo.es/products/central-lechera-asturiana-leche-de-vaca-semidesnatada-de-origen-espa%C3%B1ol-6-x-2-2-l/51134",
    "nombre": "CENTRAL LECHERA ASTURIANA Leche de vaca semidesnatada, de origen español 6 x 2.2 l.",
    "precio": "14,64 €",
    "unidad": "13200ml",
    "precio_por_unidad": "1,11 € por litro",
    "nutricion": {
      "valor_energetico_kj": "190.0 Kj",
      "valor_energetico_kcal": "45.0 Kcal",
      "grasas_g": "1.55 g",
      "grasas_saturadas_g": "1.0 g",
      "hidratos_g": "4.65 g",
      "azucares_g": "4.65 g",
      "proteinas_g": "3.15 g",
      "sal_g": "0.1 g"
    },
    "caracteristicas": {
      "nombre_operador": "Corporación Alimentaria Peñasanta S.A",
      "direccion_operador": "Sierra de Granda, s/n 33199 Siero, Asturias",
      "denominacion_legal": "Leche UHT semidesnatada",
      "formato": "Botella",
      "peso_neto": "13,2l",
      "agrupacion": "Pack de  6",
      "numero_raciones": "Esta agrupación contiene 52,8 vasos de 250ml"
    },
    "id": 447
  },
  {
    "url": "https://www.compraonline.alcampo.es/products/bonne-maman-mermelada-de-naranja-amarga-370-gr/29249",
    "nombre": "BONNE MAMAN Mermelada de naranja amarga 370 gr.",
    "precio": "2,55 €",
    "unidad": "370g",
    "precio_por_unidad": "6,89 € por kilogramo",
    "nutricion": {
      "valor_energetico_kj": "1017.0 Kj",
      "valor_energetico_kcal": "240.0 Kcal",
      "grasas_g": "0.1 g",
      "grasas_saturadas_g": "0.0 g",
      "hidratos_g": "59.0 g",
      "azucares_g": "59.0 g",
      "proteinas_g": "0.3 g",
      "sal_g": "0.0 g"
    },
    "caracteristicas": {
      "nombre_operador": "COVACA SA",
      "direccion_operador": "C/ Severo Ochoa, 95 - 08403 Granollers (Barcelona)",
      "lugar_procedencia": "Francia",
      "denominacion_legal": "Mermelada De Naranja Amarga",
      "peso_neto": "370g"
    },
    "id": 448
  },
  {
    "url": "https://www.compraonline.alcampo.es/products/el-pozo-1954-jam%C3%B3n-curado-cortado-en-lonchas-225-g/682682",
    "nombre": "EL POZO 1954 Jamón curado cortado en lonchas 225 g.",
    "precio": "3,82 €",
    "unidad": "225g",
    "precio_por_unidad": "16,97 € por kilogramo",
    "nutricion": {
      "valor_energetico_kj": "972.0 Kj",
      "valor_energetico_kcal": "232.0 Kcal",
      "grasas_g": "12.5 g",
      "grasas_saturadas_g": "4.6 g",
      "hidratos_g": "0.0 g",
      "azucares_g": "0.0 g",
      "proteinas_g": "30.0 g",
      "sal_g": "5.0 g"
    },
    "caracteristicas": {
      "nombre_operador": "ELPOZO ALIMENTACIÓN S.A.",
      "direccion_operador": "Avda. Antonio Fuertes, 1 30840 Alhama De Murcia (Murcia)",
      "lugar_procedencia": "Región de Murcia - ESPAÑA",
      "denominacion_legal": "JAMÓN CURADO.",
      "peso_neto": "225g"
    },
    "id": 449
  },
  {
    "url": "https://www.compraonline.alcampo.es/products/tarta-de-queso-300-g/83570",
    "nombre": "Tarta de queso 300 g.",
    "precio": "4,35 €",
    "unidad": "300g",
    "precio_por_unidad": "14,50 € por kilogramo",
    "nutricion": {
      "valor_energetico_kj": "779.0 Kj",
      "valor_energetico_kcal": "184.0 Kcal",
      "grasas_g": "2.5 g",
      "grasas_saturadas_g": "1.65 g",
      "hidratos_g": "31.0 g",
      "azucares_g": "12.4 g",
      "proteinas_g": "9.0 g",
      "sal_g": "0.36 g"
    },
    "caracteristicas": {
      "nombre_operador": "Azcaray, S.A.",
      "direccion_operador": "C/ Luis I n° 60, Nave 41 - 28031 Madrid",
      "denominacion_legal": "Tarta de queso",
      "peso_neto": "300g"
    },
    "id": 450
  },
  {
    "url": "https://www.compraonline.alcampo.es/products/alcampo-gourmet-salchichas-alemanas-cocidas-de-cerdo-tipo-bratwurst-alcampo-gourmet-4-x-90-g/54133",
    "nombre": "ALCAMPO GOURMET Salchichas alemanas cocidas de cerdo, tipo Bratwurst ALCAMPO GOURMET 4 x 90 g.",
    "precio": "4,65 €",
    "unidad": "360g",
    "precio_por_unidad": "12,92 € por kilogramo",
    "nutricion": {
      "valor_energetico_kj": "1172.0 Kj",
      "valor_energetico_kcal": "283.0 Kcal",
      "grasas_g": "24.7 g",
      "grasas_saturadas_g": "9.9 g",
      "hidratos_g": "1.0 g",
      "azucares_g": "1.0 g",
      "proteinas_g": "14.0 g",
      "sal_g": "1.5 g"
    },
    "caracteristicas": {
      "nombre_operador": "Alcampo, S.A.",
      "direccion_operador": "c/ Santigo de Compostela Sur s/n , 28029 Madrid",
      "pais_origen": "Alemania",
      "lugar_procedencia": "Alemania",
      "denominacion_legal": "Salchichas cocida",
      "peso_neto": "360g",
      "numero_raciones": "Este envase contiene 4 salchichas.",
      "cantidad_neta_disgregada": "4x90 g",
      "signo_estimacion": "Si"
    },
    "id": 451
  },
  {
    "url": "https://www.compraonline.alcampo.es/products/producto-alcampo-bebida-isot%C3%B3nica-con-sabor-a-lim%C3%B3n-lata-33-cl/897801",
    "nombre": "PRODUCTO ALCAMPO Bebida isotónica con sabor a limón lata 33 cl.",
    "precio": "0,44 €",
    "unidad": "330ml",
    "precio_por_unidad": "1,33 € por litro",
    "nutricion": {
      "valor_energetico_kj": "76.0 Kj",
      "valor_energetico_kcal": "18.0 Kcal",
      "grasas_g": "0.0 g",
      "grasas_saturadas_g": "0.0 g",
      "hidratos_g": "4.21 g",
      "azucares_g": "4.2 g",
      "proteinas_g": "0.0 g",
      "sal_g": "0.05 g"
    },
    "caracteristicas": {
      "nombre_operador": "Alcampo, S.A.",
      "direccion_operador": "c/ Santiago de Compostela, Sur s/n, 28029 Madrid",
      "pais_origen": "España",
      "lugar_procedencia": "España",
      "denominacion_legal": "Bebida refrescante aromatizada con azúcar y edulcorante",
      "peso_neto": "330ml",
      "signo_estimacion": "Si"
    },
    "id": 452
  },
  {
    "url": "https://www.compraonline.alcampo.es/products/producto-alcampo-nachos-de-ma%C3%ADz-con-sabor-a-chili-400-g/23351",
    "nombre": "PRODUCTO ALCAMPO Nachos de maíz con sabor a chili 400 g.",
    "precio": "2,33 €",
    "unidad": "400g",
    "precio_por_unidad": "5,83 € por kilogramo",
    "nutricion": {
      "valor_energetico_kj": "1979.0 Kj",
      "valor_energetico_kcal": "472.0 Kcal",
      "grasas_g": "20.0 g",
      "grasas_saturadas_g": "2.0 g",
      "hidratos_g": "64.0 g",
      "azucares_g": "4.0 g",
      "proteinas_g": "6.6 g",
      "sal_g": "1.3 g"
    },
    "caracteristicas": {
      "nombre_operador": "AUCHAN SAS OIA",
      "direccion_operador": "200 rue de la recherche",
      "pais_origen": "Bélgica",
      "lugar_procedencia": ".",
      "denominacion_legal": "Spécialité à base de maïs épicée aromatisée",
      "peso_neto": "0,4kg"
    },
    "id": 453
  },
  {
    "url": "https://www.compraonline.alcampo.es/products/producto-alcampo-galletas-de-mantequilla-con-tableta-de-chocolate-con-leche-150-g/15244",
    "nombre": "PRODUCTO ALCAMPO Galletas de mantequilla con tableta de chocolate con leche 150 g.",
    "precio": "1,39 €",
    "unidad": "150g",
    "precio_por_unidad": "9,27 € por kilogramo",
    "nutricion": {
      "valor_energetico_kj": "2104.0 Kj",
      "valor_energetico_kcal": "502.0 Kcal",
      "grasas_g": "23.0 g",
      "grasas_saturadas_g": "15.0 g",
      "hidratos_g": "66.0 g",
      "azucares_g": "34.0 g",
      "proteinas_g": "6.6 g",
      "sal_g": "0.63 g"
    },
    "caracteristicas": {
      "nombre_operador": "AUCHAN SAS OIA",
      "direccion_operador": "200 rue de la recherche",
      "pais_origen": "Francia",
      "lugar_procedencia": ".",
      "denominacion_legal": "12 PETITS BEURRE AVEC TABLETTE DE CHOCOLAT AU LAIT",
      "peso_neto": "0,15kg",
      "numero_raciones": "6"
    },
    "id": 454
  },
  {
    "url": "https://www.compraonline.alcampo.es/products/producto-alcampo-bio-spaghetti-de-trigo-integral-ecol%C3%B3gico-500-g/896567",
    "nombre": "PRODUCTO ALCAMPO Bio Spaghetti de trigo integral ecológico 500 g.",
    "precio": "1,44 €",
    "unidad": "500g",
    "precio_por_unidad": "2,88 € por kilogramo",
    "nutricion": {
      "valor_energetico_kj": "1420.0 Kj",
      "valor_energetico_kcal": "336.0 Kcal",
      "grasas_g": "2.1 g",
      "grasas_saturadas_g": "0.6 g",
      "hidratos_g": "62.0 g",
      "azucares_g": "4.1 g",
      "proteinas_g": "12.0 g",
      "sal_g": "0.03 g"
    },
    "caracteristicas": {
      "nombre_operador": "Alcampo",
      "direccion_operador": "C/ Santiago de Compostela Sur s/n-28029 (MADRID)",
      "pais_origen": "España",
      "lugar_procedencia": "Fabricado en España",
      "denominacion_legal": "Spaghetti Bio Integral",
      "peso_neto": "500g"
    },
    "id": 455
  },
  {
    "url": "https://www.compraonline.alcampo.es/products/tiger-khan-salsa-hoisin-tiger-khan-300-ml/44014",
    "nombre": "TIGER KHAN Salsa hoisin TIGER KHAN 300 ml.",
    "precio": "3,37 €",
    "unidad": "300ml",
    "precio_por_unidad": "11,23 € por litro",
    "nutricion": {
      "valor_energetico_kj": "733.0 Kj",
      "valor_energetico_kcal": "172.0 Kcal",
      "grasas_g": "0.0 g",
      "grasas_saturadas_g": "0.0 g",
      "hidratos_g": "41.0 g",
      "azucares_g": "31.0 g",
      "proteinas_g": "2.1 g",
      "sal_g": "6.4 g"
    },
    "caracteristicas": {
      "nombre_operador": "Frico dan s.a.",
      "direccion_operador": "Polígono Industrial San Luis C/Atenas 23 29006 Málaga",
      "pais_origen": "República Popular de China",
      "denominacion_legal": "Salsa Hoisin",
      "peso_neto": "300ml"
    },
    "id": 456
  },
  {
    "url": "https://www.compraonline.alcampo.es/products/bandeja-de-hamburguesas-mixtas-pavo-y-pollo-aldel%C3%ADs-4-x-80-g/643103",
    "nombre": "Bandeja de hamburguesas mixtas (pavo y pollo) ALDELÍS 4 x 80 g.",
    "precio": "3,99 €",
    "unidad": "320g",
    "precio_por_unidad": "12,47 € por kilogramo",
    "nutricion": {
      "valor_energetico_kj": "744.0 Kj",
      "valor_energetico_kcal": "178.0 Kcal",
      "grasas_g": "11.3 g",
      "grasas_saturadas_g": "3.5 g",
      "hidratos_g": "1.7 g",
      "azucares_g": "0.1 g",
      "proteinas_g": "17.2 g",
      "sal_g": "1.5 g"
    },
    "caracteristicas": {
      "nombre_operador": "AVES NOBLES Y DERIVADOS S.L.",
      "direccion_operador": "C/Manfredonia,4. Pol.Ind.Plaza, 50197 Zaragoza",
      "pais_origen": "España",
      "lugar_procedencia": "Zaragoza, España.",
      "denominacion_legal": "Hamburguesa de pollo pavo. Preparado de carne.",
      "peso_neto": "320g",
      "signo_estimacion": "Si"
    },
    "id": 457
  },
  {
    "url": "https://www.compraonline.alcampo.es/products/isabel-caballa-al-gril-en-aceite-de-oliva-85-g/513209",
    "nombre": "ISABEL Caballa al gril, en aceite de oliva 85 g.",
    "precio": "3,56 €",
    "unidad": "85g",
    "precio_por_unidad": "41,88 € por kilogramo",
    "nutricion": {
      "valor_energetico_kj": "1297.0 Kj",
      "valor_energetico_kcal": "313.0 Kcal",
      "grasas_g": "27.0 g",
      "grasas_saturadas_g": "5.9 g",
      "hidratos_g": "0.0 g",
      "azucares_g": "0.0 g",
      "proteinas_g": "18.0 g",
      "sal_g": "1.2 g"
    },
    "caracteristicas": {
      "nombre_operador": "Bolton Cile España, S.A.",
      "direccion_operador": "C/ Ombú 3 28045-Madrid (España)",
      "pais_origen": "España",
      "lugar_procedencia": "Francia",
      "denominacion_legal": "Filete de caballa con aceite de oliva virgen al grill",
      "peso_neto": "120g"
    },
    "id": 458
  },
  {
    "url": "https://www.compraonline.alcampo.es/products/alcampo-ecol%C3%B3gico-guisantes-ecol%C3%B3gicos-sin-az%C3%BAcares-a%C3%B1adidos-280-g/674785",
    "nombre": "ALCAMPO ECOLÓGICO Guisantes ecológicos sin azúcares añadidos 280 g.",
    "precio": "1,89 €",
    "unidad": "280g",
    "precio_por_unidad": "6,75 € por kilogramo",
    "nutricion": {
      "valor_energetico_kj": "267.0 Kj",
      "valor_energetico_kcal": "64.0 Kcal",
      "grasas_g": "1.0 g",
      "grasas_saturadas_g": "0.2 g",
      "hidratos_g": "6.4 g",
      "azucares_g": "1.6 g",
      "proteinas_g": "4.8 g",
      "sal_g": "0.32 g"
    },
    "caracteristicas": {
      "nombre_operador": "AUCHAN SAS OIA",
      "direccion_operador": "200 rue de la recherche",
      "pais_origen": "Países Bajos",
      "lugar_procedencia": "ALLEMAGNE,BELGIQUE,FRANCE,PAYS-BAS",
      "denominacion_legal": "petits pois doux biologique",
      "peso_neto": "0,28kg",
      "numero_raciones": "3"
    },
    "id": 459
  },
  {
    "url": "https://www.compraonline.alcampo.es/products/matutano-cheetos-gustosines-75-gr/787011",
    "nombre": "MATUTANO Cheetos gustosines 75 gr.",
    "precio": "1,25 €",
    "unidad": "75g",
    "precio_por_unidad": "16,67 € por kilogramo",
    "nutricion": {
      "valor_energetico_kj": "2071.0 Kj",
      "valor_energetico_kcal": "494.0 Kcal",
      "grasas_g": "23.0 g",
      "grasas_saturadas_g": "2.0 g",
      "hidratos_g": "66.0 g",
      "azucares_g": "0.6 g",
      "proteinas_g": "6.0 g",
      "sal_g": "2.0 g"
    },
    "caracteristicas": {
      "nombre_operador": "PEPSICO FOODS AIE",
      "direccion_operador": "CALLE MARIE CURIE, 7 PLANTA 1, EDIFICIO 8 VITORIA-GASTEIZ, ALAVA",
      "denominacion_legal": "Producto de aperitivo de maíz horneado",
      "peso_neto": "75g"
    },
    "id": 460
  },
  {
    "url": "https://www.compraonline.alcampo.es/products/barilla-salsa-pesto-a-la-genovesa-con-albahaca-y-queso-parmesano-barilla-190-g/28508",
    "nombre": "BARILLA Salsa Pesto a la genovesa con albahaca y queso parmesano BARILLA 190 g.",
    "precio": "2,18 €",
    "unidad": "190g",
    "precio_por_unidad": "11,47 € por kilogramo",
    "nutricion": {
      "valor_energetico_kj": "1989.0 Kj",
      "valor_energetico_kcal": "482.0 Kcal",
      "grasas_g": "46.0 g",
      "grasas_saturadas_g": "5.3 g",
      "hidratos_g": "9.8 g",
      "azucares_g": "5.5 g",
      "proteinas_g": "4.7 g",
      "sal_g": "0.0 g"
    },
    "caracteristicas": {
      "nombre_operador": "Barilla G. e R. Fratelli",
      "direccion_operador": "Via Mantova 166, Parma - Italy",
      "pais_origen": "Italia",
      "denominacion_legal": "Salsa pesto de albahaca",
      "peso_neto": "190g"
    },
    "id": 461
  },
  {
    "url": "https://www.compraonline.alcampo.es/products/alcampo-ecol%C3%B3gico-vinagre-de-manzana-ecol%C3%B3gico-500-ml/38962",
    "nombre": "ALCAMPO ECOLÓGICO Vinagre de manzana ecológico 500 ml.",
    "precio": "1,98 €",
    "unidad": "500ml",
    "precio_por_unidad": "3,96 € por litro",
    "nutricion": {
      "valor_energetico_kj": "82.0 Kj",
      "valor_energetico_kcal": "19.0 Kcal",
      "grasas_g": "0.0 g",
      "grasas_saturadas_g": "0.0 g",
      "hidratos_g": "0.9 g",
      "azucares_g": "0.5 g",
      "proteinas_g": "0.0 g",
      "sal_g": "0.01 g"
    },
    "caracteristicas": {
      "nombre_operador": "Vinagrerias Riojanas S.A.",
      "direccion_operador": "Avenida Mendavia, 8-26009 Logroño (LA RIOJA)",
      "pais_origen": "España",
      "denominacion_legal": "Vinagre de sidra ecologica",
      "peso_neto": "0,5l"
    },
    "id": 462
  },
  {
    "url": "https://www.compraonline.alcampo.es/products/ambrosi-queso-en-polvo-parmigiano-ambrosi-60-g/52227",
    "nombre": "AMBROSI Queso en polvo Parmigiano AMBROSI 60 g.",
    "precio": "1,89 €",
    "unidad": "60g",
    "precio_por_unidad": "31,50 € por kilogramo",
    "nutricion": {
      "valor_energetico_kj": "1671.0 Kj",
      "valor_energetico_kcal": "402.0 Kcal",
      "grasas_g": "30.0 g",
      "grasas_saturadas_g": "20.0 g",
      "hidratos_g": "0.0 g",
      "azucares_g": "0.0 g",
      "proteinas_g": "32.0 g",
      "sal_g": "1.6 g"
    },
    "caracteristicas": {
      "nombre_operador": "Consorcio de quesos tradicionales de España SA",
      "direccion_operador": "C/ Virgen del rosario S/N, 31869, Udabe, Navarra",
      "pais_origen": "Italia",
      "denominacion_legal": "Queso de vaca curado",
      "peso_neto": "0,06kg"
    },
    "id": 463
  },
  {
    "url": "https://www.compraonline.alcampo.es/products/el-pozo-fuet-casero-categoria-extra-embuchado-en-tripa-natural-sin-colorantes-2-x-150-g/81134",
    "nombre": "EL POZO Fuet casero categoria extra, embuchado en tripa natural, sin colorantes 2 x 150 g.",
    "precio": "3,66 €",
    "unidad": "300g",
    "precio_por_unidad": "12,22 € por kilogramo",
    "nutricion": {
      "valor_energetico_kj": "1714.0 Kj",
      "valor_energetico_kcal": "413.0 Kcal",
      "grasas_g": "33.0 g",
      "grasas_saturadas_g": "11.5 g",
      "hidratos_g": "4.0 g",
      "azucares_g": "4.0 g",
      "proteinas_g": "25.0 g",
      "sal_g": "4.2 g"
    },
    "caracteristicas": {
      "nombre_operador": "ELPOZO ALIMENTACIÓN S.A.",
      "direccion_operador": "Avda. Antonio Fuertes, 1 30840 Alhama De Murcia (Murcia)",
      "lugar_procedencia": "Región de Murcia - ESPAÑA",
      "denominacion_legal": "FUET EXTRA",
      "peso_neto": "300g"
    },
    "id": 464
  },
  {
    "url": "https://www.compraonline.alcampo.es/products/la-molisana-spaghetti-negro-con-tinta-de-calamar-500-g/518301",
    "nombre": "LA MOLISANA Spaghetti negro con tinta de calamar 500 g.",
    "precio": "2,84 €",
    "unidad": "500g",
    "precio_por_unidad": "5,68 € por kilogramo",
    "nutricion": {
      "valor_energetico_kj": "1489.0 Kj",
      "valor_energetico_kcal": "351.0 Kcal",
      "grasas_g": "1.0 g",
      "grasas_saturadas_g": "0.3 g",
      "hidratos_g": "70.0 g",
      "azucares_g": "4.0 g",
      "proteinas_g": "14.0 g",
      "sal_g": "0.02 g"
    },
    "caracteristicas": {
      "nombre_operador": "Delisur Europa",
      "direccion_operador": "C. de Ríos Rosas, 36 - 28003, Madrid",
      "denominacion_legal": "Spaghetti al nero di sepia",
      "peso_neto": "500g"
    },
    "id": 465
  },
  {
    "url": "https://www.compraonline.alcampo.es/products/brewdog-cerveza-rubia-punk-ipa-botella-33-cl/549549",
    "nombre": "BREWDOG Cerveza rubia Punk Ipa botella 33 cl.",
    "precio": "1,67 €",
    "unidad": "330ml",
    "precio_por_unidad": "5,06 € por litro",
    "nutricion": {
      "valor_energetico_kj": "221.0 Kj",
      "valor_energetico_kcal": "53.0 Kcal",
      "grasas_g": "0.1 g",
      "grasas_saturadas_g": "0.0 g",
      "hidratos_g": "3.0 g",
      "azucares_g": "1.8 g",
      "proteinas_g": "0.1 g",
      "sal_g": "0.1 g"
    },
    "caracteristicas": {
      "nombre_operador": "Brewdog PLC",
      "direccion_operador": "Balmacassie Commercial Parl, Ellon, Scontland AB418BX",
      "lugar_procedencia": "UK",
      "denominacion_legal": "Cerveza",
      "formato": "Botella",
      "peso_neto": "33cl",
      "agrupacion": "Unidad",
      "capacidad": "33 cl.",
      "signo_estimacion": "Si"
    },
    "id": 466
  },
  {
    "url": "https://www.compraonline.alcampo.es/products/barilla-pasta-rigatoni-500-g/219757",
    "nombre": "BARILLA Pasta Rigatoni 500 g.",
    "precio": "1,00 €",
    "unidad": "500g",
    "precio_por_unidad": "2,00 € por kilogramo",
    "nutricion": {
      "valor_energetico_kj": "1521.0 Kj",
      "valor_energetico_kcal": "359.0 Kcal",
      "grasas_g": "2.0 g",
      "grasas_saturadas_g": "0.5 g",
      "hidratos_g": "71.0 g",
      "azucares_g": "3.5 g",
      "proteinas_g": "13.5 g",
      "sal_g": "0.0 g"
    },
    "caracteristicas": {
      "nombre_operador": "Barilla G. e R. Fratelli",
      "direccion_operador": "Via Mantova 166, Parma - Italy.",
      "pais_origen": "Italia",
      "denominacion_legal": "Pasta alimenticia de trigo duro",
      "peso_neto": "500g"
    },
    "id": 467
  },
  {
    "url": "https://www.compraonline.alcampo.es/products/alcampo-ecol%C3%B3gico-tomate-entero-pelado-al-natural-alcampo-ecol%C3%B3gico-tarro-de-400-g/25021",
    "nombre": "ALCAMPO ECOLÓGICO Tomate entero pelado al natural ALCAMPO ECOLÓGICO tarro de 400 g.",
    "precio": "2,47 €",
    "unidad": "400g",
    "precio_por_unidad": "6,18 € por kilogramo",
    "nutricion": {
      "valor_energetico_kj": "81.0 Kj",
      "valor_energetico_kcal": "19.0 Kcal",
      "grasas_g": "0.1 g",
      "grasas_saturadas_g": "0.0 g",
      "hidratos_g": "3.1 g",
      "azucares_g": "0.0 g",
      "proteinas_g": "1.1 g",
      "sal_g": "0.0 g"
    },
    "caracteristicas": {
      "nombre_operador": "Alcampo, S.A.",
      "direccion_operador": "C/ Santiago de Compostela Sur, s/n. 28029 Madrid",
      "denominacion_legal": "Tomate Entero Pelado Primera Ecológico.",
      "formato": "Lata",
      "peso_neto": "660g"
    },
    "id": 468
  },
  {
    "url": "https://www.compraonline.alcampo.es/products/trina-zero-refresco-de-naranja-zero-lata-de-33-cl/31896",
    "nombre": "TRINA ZERO  Refresco de naranja zero lata de 33 cl.",
    "precio": "0,61 €",
    "unidad": "330ml",
    "precio_por_unidad": "1,85 € por litro",
    "nutricion": {
      "valor_energetico_kj": "26.0 Kj",
      "valor_energetico_kcal": "6.0 Kcal",
      "grasas_g": "0.0 g",
      "grasas_saturadas_g": "0.0 g",
      "hidratos_g": "1.0 g",
      "azucares_g": "0.9 g",
      "proteinas_g": "0.1 g",
      "sal_g": "0.05 g"
    },
    "caracteristicas": {
      "nombre_operador": "Schweppes, S.A. \"Envasado con licencia de schweppes international limited.\"",
      "direccion_operador": "Pº Castellana 202, 28046 Madrid",
      "denominacion_legal": "Bebida refrescante de zumo de frutas. Con edulcorantes.",
      "formato": "Lata",
      "peso_neto": "33cl",
      "sabor": "Naranja",
      "agrupacion": "Unidad",
      "capacidad": "33 cl."
    },
    "id": 469
  },
  {
    "url": "https://www.compraonline.alcampo.es/products/starbucks-bebida-de-caf%C3%A9-expreso-frio-con-leche-y-un-toque-de-caramelo-starbucks-220-ml/89641",
    "nombre": "STARBUCKS Bebida de café expreso frio con leche y un toque de caramelo STARBUCKS 220 ml.",
    "precio": "1,69 €",
    "unidad": "220ml",
    "precio_por_unidad": "7,68 € por litro",
    "nutricion": {
      "valor_energetico_kj": "261.0 Kj",
      "valor_energetico_kcal": "62.0 Kcal",
      "grasas_g": "1.6 g",
      "grasas_saturadas_g": "1.0 g",
      "hidratos_g": "9.0 g",
      "azucares_g": "8.6 g",
      "proteinas_g": "2.9 g",
      "sal_g": "0.09 g"
    },
    "caracteristicas": {
      "nombre_operador": "Arla Foods",
      "direccion_operador": "C/José Echegaray, 8, Edificio III, bajo, oficina 2, 28232 Las Rozas, Madrid, España,",
      "denominacion_legal": "Bebida de leche, café y caramelo",
      "peso_neto": "230g"
    },
    "id": 470
  },
  {
    "url": "https://www.compraonline.alcampo.es/products/cuatro-rayas-vino-blanco-verdejo-con-d-o-rueda-botella-75-cl/437928",
    "nombre": "CUATRO RAYAS Vino  blanco verdejo con D.O. Rueda botella 75 cl.",
    "precio": "4,49 €",
    "nutricion": {
      "valor_energetico_kj": "327.0 Kj",
      "valor_energetico_kcal": "79.0 Kcal",
      "grasas_g": "0.1 g",
      "grasas_saturadas_g": "0.0 g",
      "hidratos_g": "1.6 g",
      "azucares_g": "0.05 g",
      "proteinas_g": "0.1 g",
      "sal_g": "0.01 g"
    },
    "caracteristicas": {
      "nombre_operador": "Bodega Cuatro Rayas S. Coop. Agroalimentaria",
      "direccion_operador": "Camino de la fuentecilla s/n La Seca (Valladolid)",
      "denominacion_legal": "Vino Blanco"
    },
    "id": 471
  },
  {
    "url": "https://www.compraonline.alcampo.es/products/monster-energy-juiced-bad-apple-bebida-energ%C3%A9tica-lata-500ml/451209",
    "nombre": "MONSTER Energy Juiced Bad Apple Bebida energética lata 500ml",
    "precio": "1,79 €",
    "unidad": "500ml",
    "precio_por_unidad": "3,58 € por litro",
    "nutricion": {
      "valor_energetico_kj": "153.0 Kj",
      "valor_energetico_kcal": "36.0 Kcal",
      "grasas_g": "0.0 g",
      "grasas_saturadas_g": "0.0 g",
      "hidratos_g": "9.1 g",
      "azucares_g": "8.2 g",
      "proteinas_g": "0.0 g",
      "sal_g": "0.17 g"
    },
    "caracteristicas": {
      "nombre_operador": "Monster Energy Limited",
      "direccion_operador": "South Bank House, Barrow Street, Dublin 4, Irlanda",
      "denominacion_legal": "Bebida energética carbonada con 6% zumo de fruta a partir de concentrado de zumo de fruta, taurina, ginseng, cafeína, l-carnitina y vitaminas b con azúcares y edulcorantes.",
      "peso_neto": "0,5l",
      "numero_raciones": "1"
    },
    "id": 472
  },
  {
    "url": "https://www.compraonline.alcampo.es/products/donuts-glac%C3%A9-rosquillas-de-az%C3%BAcar-6-uds-312-g/439445",
    "nombre": "DONUTS Glacé Rosquillas de azúcar 6 uds 312 g.",
    "precio": "3,59 €",
    "unidad": "312g",
    "precio_por_unidad": "11,51 € por kilogramo",
    "nutricion": {
      "valor_energetico_kj": "1711.0 Kj",
      "valor_energetico_kcal": "409.0 Kcal",
      "grasas_g": "22.0 g",
      "grasas_saturadas_g": "11.0 g",
      "hidratos_g": "46.0 g",
      "azucares_g": "21.0 g",
      "proteinas_g": "5.8 g",
      "sal_g": "0.4 g"
    },
    "caracteristicas": {
      "nombre_operador": "BIMBO DONUTS IBERIA, S.A.U",
      "direccion_operador": "Calle Cigoitia 1, Polígono Industrial Las Mercedes - 28022 Madrid (España)",
      "denominacion_legal": "Producto de bollería",
      "peso_neto": "312g",
      "numero_raciones": "6 unidades. Envases individuales.",
      "cantidad_neta_disgregada": "6x52g"
    },
    "id": 473
  },
  {
    "url": "https://www.compraonline.alcampo.es/products/lay-s-patatas-fritas-lisas-con-sabor-a-sal-y-vinagre-en-bolsa-150-g/13155",
    "nombre": "LAY'S Patatas fritas lisas con sabor a sal y vinagre en bolsa 150 g.",
    "precio": "1,57 €",
    "unidad": "150g",
    "precio_por_unidad": "10,47 € por kilogramo",
    "nutricion": {
      "valor_energetico_kj": "2160.0 Kj",
      "valor_energetico_kcal": "517.0 Kcal",
      "grasas_g": "29.0 g",
      "grasas_saturadas_g": "2.2 g",
      "hidratos_g": "54.0 g",
      "azucares_g": "1.0 g",
      "proteinas_g": "6.1 g",
      "sal_g": "0.65 g"
    },
    "caracteristicas": {
      "nombre_operador": "PEPSICO FOODS AIE",
      "direccion_operador": "CALLE MARIE CURIE, 7 PLANTA 1, EDIFICIO 8 VITORIA-GASTEIZ, ALAVA",
      "denominacion_legal": "Patatas fritas con sabor a salsa vinagreta",
      "peso_neto": "150g"
    },
    "id": 474
  },
  {
    "url": "https://www.compraonline.alcampo.es/products/trops-guacamole-mediterr%C3%A1neo-200-g/83003",
    "nombre": "TROPS Guacamole Mediterráneo 200 g.",
    "precio": "1,99 €",
    "unidad": "200g",
    "precio_por_unidad": "9,95 € por kilogramo",
    "nutricion": {
      "valor_energetico_kj": "684.0 Kj",
      "valor_energetico_kcal": "164.0 Kcal",
      "grasas_g": "14.9 g",
      "grasas_saturadas_g": "3.0 g",
      "hidratos_g": "2.9 g",
      "azucares_g": "0.9 g",
      "proteinas_g": "2.0 g",
      "sal_g": "1.1 g"
    },
    "caracteristicas": {
      "nombre_operador": "Frumaco S.L",
      "direccion_operador": "Nave TROPS, s/n, Pol. Ind. El Trapiche, 29700 Vélez-Málaga, Málaga",
      "pais_origen": "España",
      "lugar_procedencia": "Málaga",
      "denominacion_legal": "Guacamole natural",
      "peso_neto": "200g"
    },
    "id": 475
  },
  {
    "url": "https://www.compraonline.alcampo.es/products/cune-vino-blanco-verdejo-con-d-o-rueda-botella-75-cl/36055",
    "nombre": "CUNE  Vino  blanco verdejo con D.O. Rueda botella 75 cl.",
    "precio": "6,19 €",
    "nutricion": {
      "valor_energetico_kj": "336.0 Kj",
      "valor_energetico_kcal": "81.0 Kcal",
      "grasas_g": "0.1 g",
      "grasas_saturadas_g": "0.1 g",
      "hidratos_g": "1.6 g",
      "azucares_g": "0.05 g",
      "proteinas_g": "0.1 g",
      "sal_g": "0.01 g"
    },
    "caracteristicas": {
      "nombre_operador": "Compañia Vinicola del Norte de España S.A",
      "direccion_operador": "Carretera Logroño-Laguardia, Km 4,8",
      "denominacion_legal": "Vino"
    },
    "id": 476
  },
  {
    "url": "https://www.compraonline.alcampo.es/products/barilla-pasta-gourmet-la-collezione-cannelloni-n-88-canelones-barilla-250-g/898827",
    "nombre": "BARILLA Pasta Gourmet La Collezione Cannelloni N.88 (Canelones) BARILLA 250 g.",
    "precio": "2,33 €",
    "unidad": "250g",
    "precio_por_unidad": "9,32 € por kilogramo",
    "nutricion": {
      "valor_energetico_kj": "1521.0 Kj",
      "valor_energetico_kcal": "359.0 Kcal",
      "grasas_g": "2.0 g",
      "grasas_saturadas_g": "0.5 g",
      "hidratos_g": "71.2 g",
      "azucares_g": "3.5 g",
      "proteinas_g": "12.5 g",
      "sal_g": "0.0 g"
    },
    "caracteristicas": {
      "nombre_operador": "Barilla G. e R. Fratelli",
      "direccion_operador": "Via Mantova 166, Parma - Italy.",
      "pais_origen": "Italia",
      "denominacion_legal": "pasta alimenticia de sémola de trigo duro",
      "peso_neto": "250g"
    },
    "id": 477
  },
  {
    "url": "https://www.compraonline.alcampo.es/products/hogaza-pan-100-integral-350-gr/19223",
    "nombre": "Hogaza pan 100% integral 350 gr.",
    "precio": "1,48 €",
    "unidad": "350g",
    "precio_por_unidad": "4,23 € por kilogramo",
    "nutricion": {
      "valor_energetico_kj": "998.0 Kj",
      "valor_energetico_kcal": "236.0 Kcal",
      "grasas_g": "1.7 g",
      "grasas_saturadas_g": "0.4 g",
      "hidratos_g": "41.0 g",
      "azucares_g": "2.6 g",
      "proteinas_g": "11.0 g",
      "sal_g": "1.2 g"
    },
    "caracteristicas": {
      "nombre_operador": "PANAMAR BAKERY GROUP, S.L.",
      "direccion_operador": "C/La Noria, 3 Pol.Ind. Mediterráneo Albuixech (Valencia)",
      "pais_origen": "España",
      "lugar_procedencia": "ESPAÑA",
      "denominacion_legal": "HOGAZA 100% INTEGRAL",
      "peso_neto": "365g"
    },
    "id": 478
  },
  {
    "url": "https://www.compraonline.alcampo.es/products/santa-ana-patatas-fritas-con-sal-lisas-261-g/632573",
    "nombre": "SANTA ANA Patatas fritas con sal, lisas 261 g.",
    "precio": "2,37 €",
    "unidad": "261g",
    "precio_por_unidad": "9,08 € por kilogramo",
    "nutricion": {
      "valor_energetico_kj": "2079.0 Kj",
      "valor_energetico_kcal": "498.0 Kcal",
      "grasas_g": "27.0 g",
      "grasas_saturadas_g": "3.3 g",
      "hidratos_g": "54.0 g",
      "azucares_g": "0.3 g",
      "proteinas_g": "6.6 g",
      "sal_g": "1.5 g"
    },
    "caracteristicas": {
      "nombre_operador": "PEPSICO FOODS AIE",
      "direccion_operador": "CALLE MARIE CURIE, 7 PLANTA 1, EDIFICIO 8 VITORIA-GASTEIZ, ALAVA",
      "denominacion_legal": "Patatas fritas",
      "peso_neto": "261g"
    },
    "id": 479
  },
  {
    "url": "https://www.compraonline.alcampo.es/products/actimel-de-danone-leche-fermentada-con-lcasei-y-sabor-a-melocot%C3%B3n-fresa-naranja-y-albaricoque-6-x-100-g/898907",
    "nombre": "ACTIMEL + de Danone Leche fermentada con Lcasei y sabor a melocotón, fresa, naranja y albaricoque 6 x 100 g.",
    "precio": "3,79 €",
    "unidad": "600ml",
    "precio_por_unidad": "6,32 € por litro",
    "nutricion": {
      "valor_energetico_kj": "301.0 Kj",
      "valor_energetico_kcal": "72.0 Kcal",
      "grasas_g": "1.4 g",
      "grasas_saturadas_g": "1.0 g",
      "hidratos_g": "11.4 g",
      "azucares_g": "10.8 g",
      "proteinas_g": "2.8 g",
      "sal_g": "0.1 g"
    },
    "caracteristicas": {
      "nombre_operador": "Danone S.A.",
      "direccion_operador": "Buenos aires, 21 08029 Barcelona  Barcelona",
      "pais_origen": "España",
      "denominacion_legal": "Leche fermentada semidesnatada con melocotón, fresa, naranja y albaricoque. Con adición de magnesio y vitaminas (C, D y B6).",
      "peso_neto": "600g",
      "sabor": "Naranja",
      "cantidad_neta_disgregada": "100g x 6",
      "signo_estimacion": "Si"
    },
    "id": 480
  },
  {
    "url": "https://www.compraonline.alcampo.es/products/carretilla-macarrones-con-chorizo-en-salsa-de-tomate-300-g/416939",
    "nombre": "CARRETILLA Macarrones con chorizo en salsa de tomate 300 g.",
    "precio": "2,90 €",
    "unidad": "300g",
    "precio_por_unidad": "9,67 € por kilogramo",
    "nutricion": {
      "valor_energetico_kj": "632.0 Kj",
      "valor_energetico_kcal": "151.0 Kcal",
      "grasas_g": "8.1 g",
      "grasas_saturadas_g": "4.3 g",
      "hidratos_g": "14.6 g",
      "azucares_g": "2.9 g",
      "proteinas_g": "4.6 g",
      "sal_g": "1.34 g"
    },
    "caracteristicas": {
      "nombre_operador": "I.A.N, S.A.U",
      "direccion_operador": "Peñalfons, s/n - 31330 Villafranca (Navarra)",
      "pais_origen": "España",
      "denominacion_legal": "MACARRONES CON CHORIZO EN SALSA DE TOMATE",
      "peso_neto": "300g",
      "numero_raciones": "1"
    },
    "id": 481
  },
  {
    "url": "https://www.compraonline.alcampo.es/products/el-ventero-queso-en-lonchas-tierno-mezcla-el-ventero-140-g/30528",
    "nombre": "EL VENTERO Queso en lonchas tierno mezcla EL VENTERO 140 g.",
    "precio": "2,70 €",
    "unidad": "140g",
    "precio_por_unidad": "19,26 € por kilogramo",
    "nutricion": {
      "valor_energetico_kj": "1538.0 Kj",
      "valor_energetico_kcal": "371.0 Kcal",
      "grasas_g": "31.0 g",
      "grasas_saturadas_g": "22.0 g",
      "hidratos_g": "1.9 g",
      "azucares_g": "1.5 g",
      "proteinas_g": "21.0 g",
      "sal_g": "1.3 g"
    },
    "caracteristicas": {
      "nombre_operador": "Lactalis Forlasa S.L.U.",
      "direccion_operador": "Avda. Reyes Católicos. 135. 02600 Villarrobledo",
      "pais_origen": "España",
      "lugar_procedencia": "España",
      "denominacion_legal": "Queso de mezcla tierno",
      "peso_neto": "140g"
    },
    "id": 482
  },
  {
    "url": "https://www.compraonline.alcampo.es/products/estola-vino-tinto-crianza-d-o-la-mancha-botella-75-cl/21007",
    "nombre": "ESTOLA Vino tinto crianza D.O. La Mancha botella 75 cl.",
    "precio": "2,99 €",
    "nutricion": {
      "valor_energetico_kj": "318.0 Kj",
      "valor_energetico_kcal": "76.0 Kcal",
      "grasas_g": "0.0 g",
      "grasas_saturadas_g": "0.0 g",
      "hidratos_g": "1.01 g",
      "azucares_g": "0.31 g",
      "proteinas_g": "0.0 g",
      "sal_g": "0.0 g"
    },
    "caracteristicas": {
      "nombre_operador": "COVACA SA",
      "direccion_operador": "C/ Severo Ochoa, 95 - 08403 Granollers (Barcelona)",
      "denominacion_legal": "Vino Tinto Estola Crianza 2017"
    },
    "id": 483
  },
  {
    "url": "https://www.compraonline.alcampo.es/products/alcampo-ecol%C3%B3gico-bebida-de-almendras-son-sabor-intenso-1-l/887027",
    "nombre": "ALCAMPO ECOLÓGICO Bebida de almendras son sabor intenso 1 l.",
    "precio": "1,67 €",
    "unidad": "1000ml",
    "precio_por_unidad": "1,67 € por litro",
    "nutricion": {
      "valor_energetico_kj": "257.0 Kj",
      "valor_energetico_kcal": "62.0 Kcal",
      "grasas_g": "3.8 g",
      "grasas_saturadas_g": "0.3 g",
      "hidratos_g": "4.7 g",
      "azucares_g": "4.4 g",
      "proteinas_g": "1.7 g",
      "sal_g": "0.09 g"
    },
    "caracteristicas": {
      "nombre_operador": "Alcampo, S.A.",
      "direccion_operador": "C/ Santiago de Compostela Sur S/N - 28029 Madrid Departamento de Calidad",
      "pais_origen": "Francia",
      "lugar_procedencia": "Saint Denis de l´hôtel",
      "denominacion_legal": "Bebida de Almendra ecologica",
      "peso_neto": "1l"
    },
    "id": 484
  },
  {
    "url": "https://www.compraonline.alcampo.es/products/estrella-galicia-cervezas-pack-10-uds-x-33-cl/36649",
    "nombre": "ESTRELLA GALICIA Cervezas pack 10 uds. x 33 cl.",
    "precio": "7,13 €",
    "unidad": "3300ml",
    "precio_por_unidad": "2,16 € por litro",
    "nutricion": {
      "valor_energetico_kj": "197.0 Kj",
      "valor_energetico_kcal": "47.0 Kcal",
      "grasas_g": "0.0 g",
      "grasas_saturadas_g": "0.0 g",
      "hidratos_g": "3.5 g",
      "azucares_g": "0.0 g",
      "proteinas_g": "0.0 g",
      "sal_g": "0.0 g"
    },
    "caracteristicas": {
      "nombre_operador": "HIJOS DE RIVERA S.A.U.",
      "direccion_operador": "C/Jose María Rivera Corral nº6 15008 A Coruña",
      "pais_origen": "España",
      "denominacion_legal": "Cerveza Especial",
      "formato": "Lata",
      "peso_neto": "3,3l",
      "agrupacion": "Pack de 10",
      "capacidad": "33 cl.",
      "signo_estimacion": "Si"
    },
    "id": 485
  },
  {
    "url": "https://www.compraonline.alcampo.es/products/kas-refresco-de-naranja-pack-2-botellas-de-2-l/32122",
    "nombre": "KAS Refresco de naranja pack 2 botellas de 2 l.",
    "precio": "2,96 €",
    "unidad": "4000ml",
    "precio_por_unidad": "0,74 € por litro",
    "nutricion": {
      "valor_energetico_kj": "88.0 Kj",
      "valor_energetico_kcal": "21.0 Kcal",
      "grasas_g": "0.0 g",
      "grasas_saturadas_g": "0.0 g",
      "hidratos_g": "4.9 g",
      "azucares_g": "4.7 g",
      "proteinas_g": "0.0 g",
      "sal_g": "0.0 g"
    },
    "caracteristicas": {
      "nombre_operador": "COMPAÑIA DE BEBIDAS PEPSICO SL",
      "direccion_operador": "CALLE MARIE CURIE, 7 PLANTA 1, EDIFICIO 8 VITORIA-GASTEIZ, ALAVA",
      "denominacion_legal": "Bebida refrescante de zumo de fruta con azúcar y edulcorante.",
      "formato": "Botella",
      "peso_neto": "2000g",
      "sabor": "Naranja",
      "agrupacion": "Pack de 2",
      "capacidad": "2 litros"
    },
    "id": 486
  },
  {
    "url": "https://www.compraonline.alcampo.es/products/el-confidente-vino-blanco-godello-con-d-o-valdeorras-botella-75-cl/193430",
    "nombre": "EL CONFIDENTE Vino blanco Godello con D.O Valdeorras botella 75 cl.",
    "precio": "9,89 €",
    "nutricion": {
      "valor_energetico_kj": "374.0 Kj",
      "valor_energetico_kcal": "75.0 Kcal",
      "grasas_g": "0.0 g",
      "grasas_saturadas_g": "0.0 g",
      "hidratos_g": "1.9 g",
      "azucares_g": "0.5 g",
      "proteinas_g": "0.3 g",
      "sal_g": "0.01 g"
    },
    "caracteristicas": {
      "nombre_operador": "HGA Bodegas y Viñedos de Altura, S.L.",
      "direccion_operador": "Ctra. Puxeiros - Peinador, 59, 36416. Tameiga-Mos. Pontevedra (Galicia)",
      "denominacion_legal": "Vino blanco."
    },
    "id": 487
  },
  {
    "url": "https://www.compraonline.alcampo.es/products/producto-alcampo-mejillones-en-escabeche-8-12-piezas-ecol%C3%B3gicos-69-g/671456",
    "nombre": "PRODUCTO ALCAMPO Mejillones en escabeche (8 - 12 piezas) ecológicos 69 g.",
    "precio": "3,99 €",
    "unidad": "69g",
    "precio_por_unidad": "57,83 € por kilogramo",
    "nutricion": {
      "valor_energetico_kj": "1298.0 Kj",
      "valor_energetico_kcal": "314.0 Kcal",
      "grasas_g": "29.6 g",
      "grasas_saturadas_g": "4.5 g",
      "hidratos_g": "1.1 g",
      "azucares_g": "0.0 g",
      "proteinas_g": "13.0 g",
      "sal_g": "1.8 g"
    },
    "caracteristicas": {
      "nombre_operador": "Conservas de Cambados, S.L.",
      "direccion_operador": "Lg de Porto nº4, 36636 Barrantes - Ribadumia, Pontevedra.",
      "lugar_procedencia": "Fabricado en España con Mejillón de las Rías Gallegas Denominación de Orígen Protegida",
      "denominacion_legal": "Mejillones ecológicos en escabeche pequeños",
      "peso_neto": "111g",
      "numero_raciones": "De 13 a 18 piezas",
      "signo_estimacion": "Si"
    },
    "id": 488
  },
  {
    "url": "https://www.compraonline.alcampo.es/products/la-pi%C3%B1a-gofio-de-millo-1-kg/10055",
    "nombre": "LA PIÑA Gofio de millo 1 kg",
    "precio": "2,75 €",
    "unidad": "1000g",
    "precio_por_unidad": "2,75 € por kilogramo",
    "nutricion": {
      "valor_energetico_kj": "1641.0 Kj",
      "valor_energetico_kcal": "388.0 Kcal",
      "grasas_g": "4.6 g",
      "grasas_saturadas_g": "0.7 g",
      "hidratos_g": "75.3 g",
      "azucares_g": "1.4 g",
      "proteinas_g": "7.9 g",
      "sal_g": "0.05 g"
    },
    "caracteristicas": {
      "nombre_operador": "Gofio la Piña S.L",
      "direccion_operador": "C/Manuel González Martín, 12 35006 Las Palmas de Gran Canaria. España",
      "denominacion_legal": "gofio de maíz tueste ligero",
      "peso_neto": "1000g",
      "numero_raciones": "Contiene 25 raciones de 40 g"
    },
    "id": 489
  },
  {
    "url": "https://www.compraonline.alcampo.es/products/franziskaner-cerveza-alemana-de-importaci%C3%B3n-lata-de-50-cl/35660",
    "nombre": "FRANZISKANER Cerveza Alemana de importación lata de 50 cl.",
    "precio": "1,00 €",
    "unidad": "500ml",
    "precio_por_unidad": "2,00 € por litro",
    "nutricion": {
      "valor_energetico_kj": "180.0 Kj",
      "valor_energetico_kcal": "43.0 Kcal",
      "grasas_g": "0.0 g",
      "grasas_saturadas_g": "0.0 g",
      "hidratos_g": "3.3 g",
      "azucares_g": "0.2 g",
      "proteinas_g": "0.8 g",
      "sal_g": "0.0 g"
    },
    "caracteristicas": {
      "nombre_operador": "MAHOU, S.A.",
      "direccion_operador": "Calle Titan, 15  28045  Madrid",
      "pais_origen": "Alemania",
      "denominacion_legal": "CERVEZA DE TRIGO",
      "formato": "Lata",
      "peso_neto": "0,5l",
      "agrupacion": "Unidad",
      "capacidad": "50 cl."
    },
    "id": 490
  },
  {
    "url": "https://www.compraonline.alcampo.es/products/alvalle-gazpacho-receta-original-elaborado-con-ingredientes-100-naturales-2-x-1-l/59747",
    "nombre": "ALVALLE Gazpacho receta original, elaborado con ingredientes 100% naturales 2 x 1 l.",
    "precio": "6,48 €",
    "unidad": "2000ml",
    "precio_por_unidad": "3,24 € por litro",
    "nutricion": {
      "valor_energetico_kj": "168.0 Kj",
      "valor_energetico_kcal": "40.0 Kcal",
      "grasas_g": "2.2 g",
      "grasas_saturadas_g": "0.4 g",
      "hidratos_g": "3.5 g",
      "azucares_g": "3.3 g",
      "proteinas_g": "0.9 g",
      "sal_g": "0.62 g"
    },
    "caracteristicas": {
      "nombre_operador": "PEPSICO FOODS AIE",
      "direccion_operador": "CALLE MARIE CURIE, 7 PLANTA 1, EDIFICIO 8 VITORIA-GASTEIZ, ALAVA",
      "denominacion_legal": "Gazpacho original",
      "peso_neto": "2g"
    },
    "id": 491
  },
  {
    "url": "https://www.compraonline.alcampo.es/products/el-%C3%A1guila-cerveza-sin-filtrar-lata-pack-12-uds-x-33-cl/497926",
    "nombre": "EL ÁGUILA Cerveza sin filtrar lata pack 12 uds. x 33 cl.",
    "precio": "7,95 €",
    "unidad": "396ml",
    "precio_por_unidad": "2,01 € por 100 ml",
    "nutricion": {
      "valor_energetico_kj": "205.0 Kj",
      "valor_energetico_kcal": "49.0 Kcal",
      "grasas_g": "0.0 g",
      "grasas_saturadas_g": "0.0 g",
      "hidratos_g": "42.0 g",
      "azucares_g": "0.0 g",
      "proteinas_g": "0.5 g",
      "sal_g": "0.01 g"
    },
    "caracteristicas": {
      "nombre_operador": "Heineken España S.A",
      "direccion_operador": "Avenida de Andalucía I, Sevilla. España.",
      "pais_origen": "España",
      "denominacion_legal": "Cerveza",
      "peso_neto": "4kg",
      "cantidad_neta_disgregada": "12x33cl"
    },
    "id": 492
  },
  {
    "url": "https://www.compraonline.alcampo.es/products/coronita-cerveza-pack-6-botella-x-21-cl/58755",
    "nombre": "CORONITA Cerveza pack 6 botella x 21 cl.",
    "precio": "5,35 €",
    "unidad": "1260ml",
    "precio_por_unidad": "4,25 € por litro",
    "nutricion": {
      "valor_energetico_kj": "176.0 Kj",
      "valor_energetico_kcal": "42.0 Kcal",
      "grasas_g": "0.0 g",
      "grasas_saturadas_g": "0.0 g",
      "hidratos_g": "4.0 g",
      "azucares_g": "0.2 g",
      "proteinas_g": "0.3 g",
      "sal_g": "0.0 g"
    },
    "caracteristicas": {
      "nombre_operador": "Cervecera de Canarias, S.A.",
      "direccion_operador": "Crta gral La Cuesta - Taco Km 0.5. 38320. La Laguna. España",
      "pais_origen": "España",
      "lugar_procedencia": "Islas Canarias",
      "denominacion_legal": "Cerveza",
      "formato": "Botella",
      "peso_neto": "21cl",
      "agrupacion": "Pack de  6"
    },
    "id": 493
  },
  {
    "url": "https://www.compraonline.alcampo.es/products/starbucks-caf%C3%A9-en-c%C3%A1psulas-latte-macchiato-12-uds/643534",
    "nombre": "STARBUCKS Café en cápsulas Latte Macchiato 12 uds.",
    "precio": "4,74 €",
    "unidad": "128g",
    "precio_por_unidad": "37,03 € por kilogramo",
    "nutricion": {
      "valor_energetico_kj": "156.0 Kj",
      "valor_energetico_kcal": "37.0 Kcal",
      "grasas_g": "1.7 g",
      "grasas_saturadas_g": "1.1 g",
      "hidratos_g": "3.7 g",
      "azucares_g": "3.1 g",
      "proteinas_g": "1.7 g",
      "sal_g": "0.05 g"
    },
    "caracteristicas": {
      "nombre_operador": "Nestlé España, S.A.",
      "direccion_operador": "C/ Clara Campoamor, nº 2 08950 Esplugues de Llobregat (Barcelona)",
      "pais_origen": "Alemania",
      "denominacion_legal": "Café molido de tueste natural y leche en polvo con azúcar",
      "peso_neto": "129g",
      "numero_raciones": "12"
    },
    "id": 494
  },
  {
    "url": "https://www.compraonline.alcampo.es/products/central-lechera-asturiana-leche-de-vaca-desnatada-de-origen-espa%C3%B1ol-6-x-1l/53175",
    "nombre": "CENTRAL LECHERA ASTURIANA Leche de vaca desnatada de origen español 6 x 1l.",
    "precio": "6,96 €",
    "unidad": "6000ml",
    "precio_por_unidad": "1,16 € por litro",
    "nutricion": {
      "valor_energetico_kj": "144.0 Kj",
      "valor_energetico_kcal": "34.0 Kcal",
      "grasas_g": "0.25 g",
      "grasas_saturadas_g": "0.17 g",
      "hidratos_g": "4.7 g",
      "azucares_g": "4.7 g",
      "proteinas_g": "3.2 g",
      "sal_g": "0.1 g"
    },
    "caracteristicas": {
      "nombre_operador": "Corporación Alimentaria Peñasanta S.A",
      "direccion_operador": "Sierra de Granda, s/n 33199 Siero, Asturias",
      "denominacion_legal": "Leche UHT desnatada",
      "formato": "Brick",
      "peso_neto": "6l",
      "agrupacion": "Pack de  6",
      "numero_raciones": "Esta agrupación contiene 24 vasos de 250ml"
    },
    "id": 495
  },
  {
    "url": "https://www.compraonline.alcampo.es/products/zanetti-grana-padano-escamas-100g/533504",
    "nombre": "ZANETTI Grana Padano escamas 100g",
    "precio": "2,49 €",
    "unidad": "100g",
    "precio_por_unidad": "24,90 € por kilogramo",
    "nutricion": {
      "valor_energetico_kj": "1654.0 Kj",
      "valor_energetico_kcal": "398.0 Kcal",
      "grasas_g": "29.0 g",
      "grasas_saturadas_g": "18.0 g",
      "hidratos_g": "0.0 g",
      "azucares_g": "0.0 g",
      "proteinas_g": "33.0 g",
      "sal_g": "1.5 g"
    },
    "caracteristicas": {
      "nombre_operador": "TEODORO GARCIA, S.A.",
      "direccion_operador": "Av. Del Ferrocarril 4 Viladecans",
      "denominacion_legal": "QUESO GRANA PADANO",
      "peso_neto": "100g",
      "cantidad_neta_disgregada": "100g"
    },
    "id": 496
  },
  {
    "url": "https://www.compraonline.alcampo.es/products/lay-s-al-punto-de-sal-patatas-fritas-lisas-con-sal-de-bolsa-248-g/16807",
    "nombre": "LAY'S Al punto de sal Patatas fritas lisas con sal de bolsa 248 g.",
    "precio": "2,39 €",
    "unidad": "248g",
    "precio_por_unidad": "9,64 € por kilogramo",
    "nutricion": {
      "valor_energetico_kj": "2174.0 Kj",
      "valor_energetico_kcal": "521.0 Kcal",
      "grasas_g": "31.0 g",
      "grasas_saturadas_g": "2.3 g",
      "hidratos_g": "53.0 g",
      "azucares_g": "0.4 g",
      "proteinas_g": "6.1 g",
      "sal_g": "0.85 g"
    },
    "caracteristicas": {
      "nombre_operador": "PEPSICO FOODS AIE",
      "direccion_operador": "CALLE MARIE CURIE, 7 PLANTA 1, EDIFICIO 8 VITORIA-GASTEIZ, ALAVA",
      "denominacion_legal": "Patatas fritas",
      "peso_neto": "248g"
    },
    "id": 497
  },
  {
    "url": "https://www.compraonline.alcampo.es/products/kirin-ichiban-cerveza-japonesa-de-importaci%C3%B3n-botella-33-centilitros/34015",
    "nombre": "KIRIN ICHIBAN Cerveza Japonesa de Importación Botella 33 Centilitros",
    "precio": "1,39 €",
    "unidad": "330ml",
    "precio_por_unidad": "4,21 € por litro",
    "nutricion": {
      "valor_energetico_kj": "180.0 Kj",
      "valor_energetico_kcal": "43.0 Kcal",
      "grasas_g": "0.0 g",
      "grasas_saturadas_g": "0.0 g",
      "hidratos_g": "0.0 g",
      "azucares_g": "0.0 g",
      "proteinas_g": "0.0 g",
      "sal_g": "0.0 g"
    },
    "caracteristicas": {
      "nombre_operador": "Kirin Europe GmbH",
      "direccion_operador": "Berliner Allee 26, 40212 Düsseldorf, Alemania",
      "pais_origen": "Alemania",
      "lugar_procedencia": "Alemania",
      "denominacion_legal": "Cerveza",
      "formato": "Botella",
      "peso_neto": "330ml",
      "agrupacion": "Unidad",
      "capacidad": "33 cl.",
      "signo_estimacion": "Si"
    },
    "id": 498
  },
  {
    "url": "https://www.compraonline.alcampo.es/products/santa-ana-patatas-fritas-artesanas-santa-ana-bolsa-de-2-uds-x-135-g/24265",
    "nombre": "SANTA ANA Patatas fritas artesanas SANTA ANA bolsa de 2 uds x 135 g.",
    "precio": "3,03 €",
    "unidad": "270g",
    "precio_por_unidad": "11,22 € por kilogramo",
    "nutricion": {
      "valor_energetico_kj": "2079.0 Kj",
      "valor_energetico_kcal": "498.0 Kcal",
      "grasas_g": "27.0 g",
      "grasas_saturadas_g": "3.3 g",
      "hidratos_g": "54.0 g",
      "azucares_g": "0.3 g",
      "proteinas_g": "6.6 g",
      "sal_g": "1.5 g"
    },
    "caracteristicas": {
      "nombre_operador": "PEPSICO FOODS AIE",
      "direccion_operador": "CALLE MARIE CURIE, 7 PLANTA 1, EDIFICIO 8 VITORIA-GASTEIZ, ALAVA",
      "denominacion_legal": "Patatas fritas",
      "peso_neto": "270g"
    },
    "id": 499
  },
  {
    "url": "https://www.compraonline.alcampo.es/products/estrella-galicia-especial-cervezas-pack-de-24-botellas-de-25-cl/36606",
    "nombre": "ESTRELLA GALICIA Especial cervezas pack de 24 botellas de 25 cl.",
    "precio": "12,99 €",
    "unidad": "6000ml",
    "precio_por_unidad": "2,17 € por litro",
    "nutricion": {
      "valor_energetico_kj": "197.0 Kj",
      "valor_energetico_kcal": "47.0 Kcal",
      "grasas_g": "0.0 g",
      "grasas_saturadas_g": "0.0 g",
      "hidratos_g": "3.5 g",
      "azucares_g": "0.0 g",
      "proteinas_g": "0.0 g",
      "sal_g": "0.0 g"
    },
    "caracteristicas": {
      "nombre_operador": "Hijos de Rivera S.A.U",
      "direccion_operador": "José María Rivera Corral, 6, 15008 A Coruña",
      "pais_origen": "España",
      "denominacion_legal": "Cerveza Especial",
      "formato": "Botella",
      "peso_neto": "6l",
      "agrupacion": "Pack de 24",
      "capacidad": "25 cl.",
      "signo_estimacion": "Si"
    },
    "id": 500
  },
  {
    "url": "https://www.compraonline.alcampo.es/products/pompadour-infusi%C3%B3n-de-hinojo-20-uds-de-40-g/22611",
    "nombre": "POMPADOUR Infusión de hinojo 20 uds. de 40 g,",
    "precio": "2,46 €",
    "precio_por_unidad": "20 por envase",
    "nutricion": {
      "valor_energetico_kj": "3.0 Kj",
      "valor_energetico_kcal": "1.0 Kcal",
      "grasas_g": "0.0 g",
      "grasas_saturadas_g": "0.0 g",
      "hidratos_g": "0.0 g",
      "azucares_g": "0.0 g",
      "proteinas_g": "0.0 g",
      "sal_g": "0.0 g"
    },
    "caracteristicas": {
      "nombre_operador": "POMPADOUR IBÉRICA, S.A",
      "direccion_operador": "CTRA. A MADRID KM 405, POL. IND. LAS ATALAYAS PARCELA 8A 03114 ALICANTE",
      "pais_origen": "España",
      "denominacion_legal": "Hinojo",
      "peso_neto": "40g",
      "numero_raciones": "veinte",
      "signo_estimacion": "Si"
    },
    "id": 501
  },
  {
    "url": "https://www.compraonline.alcampo.es/products/pepsi-zero-refresco-de-cola-zero-sin-cafe%C3%ADna-y-sin-az%C3%BAcar-botella-1-75-l/798004",
    "nombre": "PEPSI ZERO Refresco de cola zero sin cafeína y sin azúcar botella 1,75 l.",
    "precio": "1,60 €",
    "unidad": "1750ml",
    "precio_por_unidad": "0,91 € por litro",
    "nutricion": {
      "valor_energetico_kj": "2.0 Kj",
      "valor_energetico_kcal": "0.0 Kcal",
      "grasas_g": "0.0 g",
      "grasas_saturadas_g": "0.0 g",
      "hidratos_g": "0.0 g",
      "azucares_g": "0.0 g",
      "proteinas_g": "0.0 g",
      "sal_g": "0.0 g"
    },
    "caracteristicas": {
      "nombre_operador": "COMPAÑIA DE BEBIDAS PEPSICO SL",
      "direccion_operador": "CALLE MARIE CURIE, 7 PLANTA 1, EDIFICIO 8 VITORIA-GASTEIZ, ALAVA",
      "denominacion_legal": "Bebida refrescante aromatizada con edulcorantes",
      "formato": "Botella",
      "peso_neto": "1750g",
      "agrupacion": "Unidad",
      "capacidad": "De 1 a 2.5 l"
    },
    "id": 502
  },
  {
    "url": "https://www.compraonline.alcampo.es/products/estrella-galicia-especial-cervezas-pack-12-uds-x-25-cl/439032",
    "nombre": "ESTRELLA GALICIA Especial cervezas pack 12 uds. x 25 cl",
    "precio": "6,84 €",
    "unidad": "3000ml",
    "precio_por_unidad": "2,28 € por litro",
    "nutricion": {
      "valor_energetico_kj": "197.0 Kj",
      "valor_energetico_kcal": "47.0 Kcal",
      "grasas_g": "0.0 g",
      "grasas_saturadas_g": "0.0 g",
      "hidratos_g": "3.5 g",
      "azucares_g": "0.0 g",
      "proteinas_g": "0.0 g",
      "sal_g": "0.0 g"
    },
    "caracteristicas": {
      "nombre_operador": "HIJOS DE RIVERA, S.A.U",
      "direccion_operador": "C/José María Rivera Corral, 6, 15008 A Coruña",
      "pais_origen": "España",
      "lugar_procedencia": "A Coruña",
      "denominacion_legal": "Cerveza Especial",
      "formato": "Botella",
      "peso_neto": "3l",
      "agrupacion": "Pack de 12",
      "capacidad": "25 cl.",
      "signo_estimacion": "Si"
    },
    "id": 503
  },
  {
    "url": "https://www.compraonline.alcampo.es/products/activia-b%C3%ADfidus-desnatado-0-materia-grasa-con-trocitos-de-kiwi-de-danone-4-x-120-g/54187",
    "nombre": "ACTIVIA Bífidus desnatado (0% materia grasa) con trocitos de kiwi de Danone 4 x 120 g.",
    "precio": "2,89 €",
    "unidad": "480g",
    "precio_por_unidad": "6,02 € por kilogramo",
    "nutricion": {
      "valor_energetico_kj": "191.0 Kj",
      "valor_energetico_kcal": "46.0 Kcal",
      "grasas_g": "0.1 g",
      "grasas_saturadas_g": "0.0 g",
      "hidratos_g": "6.4 g",
      "azucares_g": "6.1 g",
      "proteinas_g": "4.6 g",
      "sal_g": "0.15 g"
    },
    "caracteristicas": {
      "nombre_operador": "Danone S.A.",
      "direccion_operador": "Buenos aires, 21 08029 Barcelona  Barcelona",
      "denominacion_legal": "Leche fermentada desnatada con kiwi y bifidus. Con edulcorantes.",
      "peso_neto": "480g",
      "sabor": "Kiwi",
      "cantidad_neta_disgregada": "4x120 g"
    },
    "id": 504
  },
  {
    "url": "https://www.compraonline.alcampo.es/products/auchan-queso-parmigiano-reggiano-dop-en-cu%C3%B1a-200-g-producto-alcampo/85628",
    "nombre": "AUCHAN Queso Parmigiano Reggiano DOP en cuña 200 g. Producto Alcampo",
    "precio": "5,99 €",
    "unidad": "200g",
    "precio_por_unidad": "29,95 € por kilogramo",
    "nutricion": {
      "valor_energetico_kj": "1671.0 Kj",
      "valor_energetico_kcal": "402.0 Kcal",
      "grasas_g": "30.0 g",
      "grasas_saturadas_g": "20.0 g",
      "hidratos_g": "0.0 g",
      "azucares_g": "0.0 g",
      "proteinas_g": "32.0 g",
      "sal_g": "1.6 g"
    },
    "caracteristicas": {
      "nombre_operador": "Alcampo, S.A.",
      "direccion_operador": "c/ Santigo de Compostela Sur s/n , 28029 Madrid",
      "pais_origen": "Italia",
      "denominacion_legal": "Parmigiano Reggiano DOP. Queso madurado. 18 meses de maduración",
      "peso_neto": "200g",
      "signo_estimacion": "Si"
    },
    "id": 505
  },
  {
    "url": "https://www.compraonline.alcampo.es/products/nestl%C3%A9-kefir-l%C3%ADquido-desnatado-0-materia-grasa-sabor-multi-frutas-6-x-100-g/455970",
    "nombre": "NESTLÉ Kefir líquido desnatado (0% materia grasa) sabor multi-frutas 6 x 100 g.",
    "precio": "2,69 €",
    "unidad": "588g",
    "precio_por_unidad": "4,57 € por kilogramo",
    "nutricion": {
      "valor_energetico_kj": "146.0 Kj",
      "valor_energetico_kcal": "34.0 Kcal",
      "grasas_g": "0.1 g",
      "grasas_saturadas_g": "0.1 g",
      "hidratos_g": "4.8 g",
      "azucares_g": "4.7 g",
      "proteinas_g": "3.5 g",
      "sal_g": "0.16 g"
    },
    "caracteristicas": {
      "nombre_operador": "Lactalis Nestlé",
      "direccion_operador": "Avenida de la Fama, 16-20 08940 Cornellá de Llobregat (Barcelona)",
      "denominacion_legal": "Leche fermentada desnatada, con sabor a frutas, con levaduras y granulos de kéfir. Con edulcorante.",
      "peso_neto": "600g",
      "numero_raciones": "6x100g. 6x96ml",
      "cantidad_neta_disgregada": "(6x100g)/(6x96ml)"
    },
    "id": 506
  },
  {
    "url": "https://www.compraonline.alcampo.es/products/la-espa%C3%B1ola-aceite-de-oliva-intenso-5-l/201976",
    "nombre": "LA ESPAÑOLA Aceite de oliva intenso 5 l.",
    "precio": "25,25 €",
    "unidad": "5000ml",
    "precio_por_unidad": "5,05 € por litro",
    "nutricion": {
      "valor_energetico_kj": "3381.0 Kj",
      "valor_energetico_kcal": "822.0 Kcal",
      "grasas_g": "91.0 g",
      "grasas_saturadas_g": "12.0 g",
      "hidratos_g": "0.0 g",
      "azucares_g": "0.0 g",
      "proteinas_g": "0.0 g",
      "sal_g": "0.0 g"
    },
    "id": 507
  },
  {
    "url": "https://www.compraonline.alcampo.es/products/fripozo-nachos-con-queso-250-g/949368",
    "nombre": "FRIPOZO Nachos con queso 250 g.",
    "precio": "3,32 €",
    "unidad": "250g",
    "precio_por_unidad": "13,28 € por kilogramo",
    "nutricion": {
      "valor_energetico_kj": "1288.0 Kj",
      "valor_energetico_kcal": "308.0 Kcal",
      "grasas_g": "17.0 g",
      "grasas_saturadas_g": "6.5 g",
      "hidratos_g": "32.0 g",
      "azucares_g": "3.8 g",
      "proteinas_g": "6.5 g",
      "sal_g": "1.8 g"
    },
    "caracteristicas": {
      "nombre_operador": "Fripozo, S.A.",
      "direccion_operador": "Avenida Juan Carlos I, 99 - 30565 Las Torres de Cotillas (Murcia)",
      "denominacion_legal": "Porciones de preparado de queso cheddar con tortilla de maíz",
      "peso_neto": "250g"
    },
    "id": 508
  },
  {
    "url": "https://www.compraonline.alcampo.es/products/producto-alcampo-tortas-de-an%C3%ADs-elaboradas-sin-gluten-165-g/563443",
    "nombre": "PRODUCTO ALCAMPO Tortas de anís, elaboradas sin gluten 165 g.",
    "precio": "4,05 €",
    "unidad": "165g",
    "precio_por_unidad": "24,55 € por kilogramo",
    "nutricion": {
      "valor_energetico_kj": "2169.0 Kj",
      "valor_energetico_kcal": "520.0 Kcal",
      "grasas_g": "31.0 g",
      "grasas_saturadas_g": "17.0 g",
      "hidratos_g": "57.0 g",
      "azucares_g": "25.0 g",
      "proteinas_g": "1.2 g",
      "sal_g": "1.2 g"
    },
    "caracteristicas": {
      "nombre_operador": "Airos Delicatessen S.L",
      "direccion_operador": "Camí de Can Bros, 8-10. 08760 Martorell (Barcelona) Spain.",
      "pais_origen": "España",
      "lugar_procedencia": "España",
      "denominacion_legal": "Tortas de Anís sin gluten",
      "peso_neto": "165g",
      "numero_raciones": "5"
    },
    "id": 509
  },
  {
    "url": "https://www.compraonline.alcampo.es/products/alpro-bebida-de-soja-ligera-enriquecida-con-calcio-y-vitaminas-b2-b12-y-d-6-x-1-l/52226",
    "nombre": "ALPRO Bebida de soja ligera enriquecida con calcio y vitaminas B2, B12 y D 6 x 1 l.",
    "precio": "11,94 €",
    "unidad": "6000ml",
    "precio_por_unidad": "1,99 € por litro",
    "nutricion": {
      "valor_energetico_kj": "112.0 Kj",
      "valor_energetico_kcal": "27.0 Kcal",
      "grasas_g": "1.1 g",
      "grasas_saturadas_g": "0.2 g",
      "hidratos_g": "1.8 g",
      "azucares_g": "1.6 g",
      "proteinas_g": "2.1 g",
      "sal_g": "0.08 g"
    },
    "caracteristicas": {
      "nombre_operador": "Corporación Alimentaria Peñasanta S.A",
      "direccion_operador": "Sierra de Granda, s/n 33199 Siero, Asturias",
      "denominacion_legal": "Bebida de soja ligera UHT reducida en grasa, enriquecida con calcio y vitaminas (B2,B12 y D)",
      "formato": "Brick",
      "peso_neto": "6l",
      "agrupacion": "Pack de  6",
      "numero_raciones": "Esta agrupación contiene 24 vasos de 250ml",
      "signo_estimacion": "Si"
    },
    "id": 510
  },
  {
    "url": "https://www.compraonline.alcampo.es/products/ensalada-xtreme-pollo-crispy-florette-210-gr/674398",
    "nombre": "Ensalada Xtreme pollo crispy FLORETTE 210 gr.",
    "precio": "3,19 €",
    "unidad": "210g",
    "precio_por_unidad": "15,19 € por kilogramo",
    "nutricion": {
      "valor_energetico_kj": "1079.0 Kj",
      "valor_energetico_kcal": "260.0 Kcal",
      "grasas_g": "21.0 g",
      "grasas_saturadas_g": "4.8 g",
      "hidratos_g": "10.0 g",
      "azucares_g": "4.1 g",
      "proteinas_g": "7.8 g",
      "sal_g": "0.9 g"
    },
    "caracteristicas": {
      "nombre_operador": "Florette Ibérica Alimentaria S.L.",
      "direccion_operador": "P.I. El Olivo. C/2 nº 1. 31320 Milagro (Navarra)",
      "pais_origen": "España",
      "denominacion_legal": "Ensalada lista para consumir",
      "peso_neto": "210g",
      "numero_raciones": "1 porción de 210g"
    },
    "id": 511
  },
  {
    "url": "https://www.compraonline.alcampo.es/products/kaiku-k%C3%A9fir-natural-con-probi%C3%B3ticos-y-vitaminas-b6-y-b12-plus-350-g/252180",
    "nombre": "KAIKU Kéfir natural con probióticos y vitaminas B6 y B12 Plus 350 g.",
    "precio": "1,70 €",
    "unidad": "350g",
    "precio_por_unidad": "4,86 € por kilogramo",
    "nutricion": {
      "valor_energetico_kj": "243.0 Kj",
      "valor_energetico_kcal": "58.0 Kcal",
      "grasas_g": "2.0 g",
      "grasas_saturadas_g": "1.3 g",
      "hidratos_g": "4.3 g",
      "azucares_g": "4.3 g",
      "proteinas_g": "5.0 g",
      "sal_g": "0.15 g"
    },
    "caracteristicas": {
      "nombre_operador": "Kaiku Corporación Alimentaria S.L.",
      "direccion_operador": "Paseo de Mikeletegi 55; 20009 San sebastian (Guipuzcoa)",
      "pais_origen": "Alemania",
      "denominacion_legal": "Leche fermentada con vitaminas B6 y B12",
      "peso_neto": "350g",
      "sabor": "Natural",
      "cantidad_neta_disgregada": "350g"
    },
    "id": 512
  },
  {
    "url": "https://www.compraonline.alcampo.es/products/el-pozo-1954-corte-fresco-pechuga-de-pavo-braseada-sin-lactosa-ni-colorantes-cortada-en-finas-lonchas-120-g/638214",
    "nombre": "EL POZO 1954 Corte fresco Pechuga de pavo braseada, sin lactosa NI colorantes, cortada en finas lonchas 120 g.",
    "precio": "1,89 €",
    "unidad": "120g",
    "precio_por_unidad": "15,75 € por kilogramo",
    "nutricion": {
      "valor_energetico_kj": "372.0 Kj",
      "valor_energetico_kcal": "88.0 Kcal",
      "grasas_g": "0.5 g",
      "grasas_saturadas_g": "0.1 g",
      "hidratos_g": "0.5 g",
      "azucares_g": "0.5 g",
      "proteinas_g": "20.3 g",
      "sal_g": "1.8 g"
    },
    "caracteristicas": {
      "nombre_operador": "ELPOZO ALIMENTACIÓN S.A.",
      "direccion_operador": "Avda. Antonio Fuertes, 1 30840 Alhama De Murcia (Murcia)",
      "lugar_procedencia": "Región de Murcia - ESPAÑA",
      "denominacion_legal": "PECHUGA PAVO COCIDA.",
      "peso_neto": "120g"
    },
    "id": 513
  },
  {
    "url": "https://www.compraonline.alcampo.es/products/flora-materia-grasa-para-untar-vegetal-59-400-g/228763",
    "nombre": "FLORA Materia grasa para untar vegetal 59% 400 g.",
    "precio": "2,49 €",
    "unidad": "400g",
    "precio_por_unidad": "6,23 € por kilogramo",
    "nutricion": {
      "valor_energetico_kj": "2591.0 Kj",
      "valor_energetico_kcal": "630.0 Kcal",
      "grasas_g": "70.0 g",
      "grasas_saturadas_g": "13.0 g",
      "hidratos_g": "0.5 g",
      "azucares_g": "0.5 g",
      "proteinas_g": "0.5 g",
      "sal_g": "0.2 g"
    },
    "caracteristicas": {
      "nombre_operador": "Upfield España, S.L.U.",
      "direccion_operador": "C/Balmes 268, 5ª planta - 08006 Barcelona",
      "pais_origen": "Portugal",
      "denominacion_legal": "Materia grasa para untar 59%",
      "peso_neto": "400g",
      "signo_estimacion": "Si"
    },
    "id": 514
  },
  {
    "url": "https://www.compraonline.alcampo.es/products/vivesoy-de-pascual-bebida-vegetal-de-soja-de-cultivo-100-local-1-l/193066",
    "nombre": "VIVESOY de Pascual Bebida vegetal de soja, de cultivo 100% local 1 l.",
    "precio": "1,60 €",
    "unidad": "1000ml",
    "precio_por_unidad": "1,60 € por litro",
    "nutricion": {
      "valor_energetico_kj": "169.0 Kj",
      "valor_energetico_kcal": "41.0 Kcal",
      "grasas_g": "1.9 g",
      "grasas_saturadas_g": "0.3 g",
      "hidratos_g": "1.9 g",
      "azucares_g": "1.8 g",
      "proteinas_g": "3.5 g",
      "sal_g": "0.12 g"
    },
    "caracteristicas": {
      "nombre_operador": "Calidad Pascual, SAU.",
      "direccion_operador": "Ctra. De Palencia, s/n - 09400 Aranda de Duero (Burgos)",
      "pais_origen": "España",
      "lugar_procedencia": "España",
      "denominacion_legal": "Bebida de soja con aminoácidos, calcio y vitaminas D y B12",
      "peso_neto": "1000ml"
    },
    "id": 515
  },
  {
    "url": "https://www.compraonline.alcampo.es/products/calvo-ventresca-de-at%C3%BAn-en-aceite-de-oliva-lata-de-75-g/24761",
    "nombre": "CALVO Ventresca de atún en aceite de oliva lata de 75 g.",
    "precio": "4,51 €",
    "unidad": "75g",
    "precio_por_unidad": "60,13 € por kilogramo",
    "nutricion": {
      "valor_energetico_kj": "1438.0 Kj",
      "valor_energetico_kcal": "344.0 Kcal",
      "grasas_g": "28.0 g",
      "grasas_saturadas_g": "5.0 g",
      "hidratos_g": "0.0 g",
      "azucares_g": "0.0 g",
      "proteinas_g": "22.0 g",
      "sal_g": "1.0 g"
    },
    "caracteristicas": {
      "nombre_operador": "Calvo Distribución Alimentaria SLU",
      "direccion_operador": "Ctra. Coruña-Finisterre. 15106 Carballo. La Coruña",
      "pais_origen": "El Salvador",
      "lugar_procedencia": "NO Aplica",
      "denominacion_legal": "Ventresca de atún claro en aceite de oliva",
      "formato": "Lata",
      "peso_neto": "115g",
      "signo_estimacion": "Si"
    },
    "id": 516
  },
  {
    "url": "https://www.compraonline.alcampo.es/products/pan-de-pita-liban%C3%A9s-cedar-s-bread-300-g/87762",
    "nombre": "Pan de pita libanés CEDAR'S BREAD 300 g.",
    "precio": "1,82 €",
    "unidad": "300g",
    "precio_por_unidad": "6,07 € por kilogramo",
    "nutricion": {
      "valor_energetico_kj": "1232.0 Kj",
      "valor_energetico_kcal": "291.0 Kcal",
      "grasas_g": "1.6 g",
      "grasas_saturadas_g": "0.3 g",
      "hidratos_g": "58.0 g",
      "azucares_g": "3.2 g",
      "proteinas_g": "9.5 g",
      "sal_g": "0.35 g"
    },
    "caracteristicas": {
      "nombre_operador": "Campo Aníbal Bakery, S.L.U",
      "direccion_operador": "C/ Llauradors, 17 (P. I. Campo Aníbal), 46530 - Puzol (Valencia)",
      "pais_origen": "España",
      "denominacion_legal": "Pan pita congelado",
      "peso_neto": "300g",
      "numero_raciones": "6"
    },
    "id": 517
  },
  {
    "url": "https://www.compraonline.alcampo.es/products/dulce-mar%C3%ADa-vino-blanco-dulce-con-d-o-vinos-de-madrid-botella-de-75-cl/34023",
    "nombre": "DULCE MARÍA  Vino blanco dulce con D.O. Vinos de Madrid botella de 75 cl.",
    "precio": "3,29 €",
    "nutricion": {
      "valor_energetico_kj": "328.0 Kj",
      "valor_energetico_kcal": "78.0 Kcal",
      "grasas_g": "0.05 g",
      "grasas_saturadas_g": "0.05 g",
      "hidratos_g": "10.0 g",
      "azucares_g": "8.0 g",
      "proteinas_g": "0.04 g",
      "sal_g": "0.0 g"
    },
    "caracteristicas": {
      "nombre_operador": "Vinos Jeromín, S.L.",
      "direccion_operador": "Avda. Juan Carlos I Rey de España, Nº 4",
      "denominacion_legal": "Mosto de uva parcialmente fermentado",
      "signo_estimacion": "Si"
    },
    "id": 518
  },
  {
    "url": "https://www.compraonline.alcampo.es/products/galbani-mozzarella-galbani-125-g/52508",
    "nombre": "GALBANI Mozzarella GALBANI 125 g.",
    "precio": "3,75 €",
    "unidad": "125g",
    "precio_por_unidad": "30,00 € por kilogramo",
    "nutricion": {
      "valor_energetico_kj": "1084.0 Kj",
      "valor_energetico_kcal": "262.0 Kcal",
      "grasas_g": "23.0 g",
      "grasas_saturadas_g": "16.0 g",
      "hidratos_g": "0.7 g",
      "azucares_g": "0.7 g",
      "proteinas_g": "13.0 g",
      "sal_g": "0.7 g"
    },
    "caracteristicas": {
      "nombre_operador": "Lactalis Forlasa S.L.U.",
      "direccion_operador": "Avda. Reyes Católicos. 135. 02600 Villarrobledo",
      "pais_origen": "Italia",
      "lugar_procedencia": "Italia",
      "denominacion_legal": "Mozzarella de leche de búfala pasteurizada",
      "peso_neto": "125g"
    },
    "id": 519
  },
  {
    "url": "https://www.compraonline.alcampo.es/products/garc%C3%ADa-baquero-queso-mini-semicurado-de-vaca-cabra-y-oveja-garc%C3%ADa-baquero-930-g/95687",
    "nombre": "GARCÍA BAQUERO Queso mini semicurado de vaca, cabra y oveja GARCÍA BAQUERO, 930 g.",
    "precio": "13,20 €",
    "unidad": "930g",
    "precio_por_unidad": "14,19 € por kilogramo",
    "nutricion": {
      "valor_energetico_kj": "1727.0 Kj",
      "valor_energetico_kcal": "416.5 Kcal",
      "grasas_g": "34.5 g",
      "grasas_saturadas_g": "23.4 g",
      "hidratos_g": "1.5 g",
      "azucares_g": "1.5 g",
      "proteinas_g": "25.0 g",
      "sal_g": "1.8 g"
    },
    "caracteristicas": {
      "nombre_operador": "Lácteas García Baquero, S.A.",
      "direccion_operador": "C/Syrah,4 Pol. Ind. Alces 23 y 24. 13600 Alcázar de San Juan. Ciudad Real.",
      "pais_origen": "España",
      "denominacion_legal": "Queso De Mezcla Madurado Graso",
      "peso_neto": "930g",
      "numero_raciones": "46",
      "signo_estimacion": "Si"
    },
    "id": 520
  },
  {
    "url": "https://www.compraonline.alcampo.es/products/flavium-premium-vino-tinto-menc%C3%ADa-con-i-g-p-vino-de-la-tierra-de-castilla-y-le%C3%B3n-botella-75-cl/40713",
    "nombre": "FLAVIUM Premium Vino tinto mencía con I.G.P. Vino de la Tierra de Castilla y León botella 75 cl.",
    "precio": "3,79 €",
    "nutricion": {
      "valor_energetico_kj": "349.9 Kj",
      "valor_energetico_kcal": "83.63 Kcal",
      "grasas_g": "0.0 g",
      "grasas_saturadas_g": "0.0 g",
      "hidratos_g": "0.4 g",
      "azucares_g": "0.15 g",
      "proteinas_g": "0.2 g",
      "sal_g": "0.01 g"
    },
    "caracteristicas": {
      "nombre_operador": "Vinos de Arganza, S.L.",
      "direccion_operador": "C/Río Ancares, 2, 24560 Toral de los Vados, León",
      "denominacion_legal": "Vino Tinto"
    },
    "id": 521
  },
  {
    "url": "https://www.compraonline.alcampo.es/products/calvo-sardinas-en-aceite-de-oliva-84-g/24749",
    "nombre": "CALVO Sardinas en aceite de oliva 84 g.",
    "precio": "1,79 €",
    "unidad": "81g",
    "precio_por_unidad": "22,10 € por kilogramo",
    "nutricion": {
      "valor_energetico_kj": "1348.0 Kj",
      "valor_energetico_kcal": "323.0 Kcal",
      "grasas_g": "28.0 g",
      "grasas_saturadas_g": "4.0 g",
      "hidratos_g": "0.0 g",
      "azucares_g": "0.0 g",
      "proteinas_g": "18.0 g",
      "sal_g": "1.0 g"
    },
    "caracteristicas": {
      "nombre_operador": "Calvo Distribución Alimentaria SLU",
      "direccion_operador": "Ctra. Coruña-Finisterre. 15106 Carballo. La Coruña",
      "pais_origen": "Marruecos",
      "lugar_procedencia": "NO Aplica",
      "denominacion_legal": "Sardinas en aceite de oliva",
      "formato": "Lata",
      "peso_neto": "120g",
      "signo_estimacion": "Si"
    },
    "id": 522
  },
  {
    "url": "https://www.compraonline.alcampo.es/products/alvalle-gourmet-gazpacho-con-almendras-marcona-elaborado-con-ingredientes-100-naturales-900-ml/638129",
    "nombre": "ALVALLE Gourmet Gazpacho con almendras marcona, elaborado con ingredientes 100% naturales 900 ml.",
    "precio": "4,17 €",
    "unidad": "900ml",
    "precio_por_unidad": "4,63 € por litro",
    "nutricion": {
      "valor_energetico_kj": "340.0 Kj",
      "valor_energetico_kcal": "82.0 Kcal",
      "grasas_g": "6.4 g",
      "grasas_saturadas_g": "0.8 g",
      "hidratos_g": "3.6 g",
      "azucares_g": "2.5 g",
      "proteinas_g": "1.9 g",
      "sal_g": "0.62 g"
    },
    "caracteristicas": {
      "nombre_operador": "PEPSICO FOODS AIE",
      "direccion_operador": "CALLE MARIE CURIE, 7 PLANTA 1, EDIFICIO 8 VITORIA-GASTEIZ, ALAVA",
      "denominacion_legal": "Gazpacho con almendras.",
      "formato": "Brick",
      "peso_neto": "900ml"
    },
    "id": 523
  },
  {
    "url": "https://www.compraonline.alcampo.es/products/mccain-patatas-con-corte-r%C3%BAstico-prefritas-y-ultracongeladas-para-hacer-al-horno-forno-country-650-g/95570",
    "nombre": "McCAIN Patatas con corte rústico, prefritas y ultracongeladas, para hacer al horno Forno country 650 g.",
    "precio": "3,50 €",
    "unidad": "650g",
    "precio_por_unidad": "5,38 € por kilogramo",
    "nutricion": {
      "valor_energetico_kj": "679.0 Kj",
      "valor_energetico_kcal": "162.0 Kcal",
      "grasas_g": "5.5 g",
      "grasas_saturadas_g": "0.6 g",
      "hidratos_g": "24.0 g",
      "azucares_g": "0.5 g",
      "proteinas_g": "3.0 g",
      "sal_g": "0.3 g"
    },
    "caracteristicas": {
      "nombre_operador": "McCain Food Europe B.V.",
      "direccion_operador": "Oranjeplaatweg 4A, 4458 NM - Lewedorp - The Netherlands",
      "pais_origen": "Unión Europea",
      "denominacion_legal": "Patatas de corte rústico con un crujiente rebozado, prefritas y ultracongeladas.",
      "peso_neto": "650g",
      "signo_estimacion": "Si"
    },
    "id": 524
  }
]